"q","p","s","t","d","trade_seq","trade_id","tick_direction","iv","instrument_name","index_price","direction"
"0.6","0.0165","TRADE","1641005912220","2022-01-01","234","197400889","3","61.54","BTC-2JAN22-47000-P","46786","sell"
"2.2","0.002","TRADE","1641005884034","2022-01-01","261","197400878","3","74.66","BTC-7JAN22-40000-P","46782.92","sell"
"0.1","0.0515","TRADE","1641005858406","2022-01-01","18","197400852","3","69.22","BTC-14JAN22-47000-C","46810.09","sell"
"1.3","0.087","TRADE","1641005850008","2022-01-01","546","197400845","3","69.55","BTC-28JAN22-48000-P","46818.24","buy"
"2","0.0185","TRADE","1641005837273","2022-01-01","176","197400819","2","68.6","BTC-7JAN22-45000-P","46836.04","sell"
"0.1","0.027","TRADE","1641005716795","2022-01-01","611","197400798","0","71.72","BTC-7JAN22-48000-C","46816.89","buy"
"0.1","0.012","TRADE","1641032382876","2022-01-01","88","197419114","2","57.45","BTC-2JAN22-47000-C","47052.71","buy"
"2.4","0.0105","TRADE","1641032345293","2022-01-01","429","197419074","1","68.44","BTC-7JAN22-44000-P","47048.32","buy"
"0.1","5.0E-4","TRADE","1641032310088","2022-01-01","305","197419068","3","68.04","BTC-2JAN22-50000-C","47040.29","sell"
"0.1","0.0105","TRADE","1641032227461","2022-01-01","428","197419037","0","68.6","BTC-7JAN22-44000-P","47040.65","buy"
"0.1","0.004","TRADE","1641032122402","2022-01-01","299","197418995","2","55.47","BTC-2JAN22-48000-C","47073.88","sell"
"0.1","0.059","TRADE","1641032120229","2022-01-01","445","197418992","2","66.99","BTC-28JAN22-46000-P","47073.29","sell"
"2","0.0015","TRADE","1641032116680","2022-01-01","28","197418972","2","96.88","BTC-21JAN22-30000-P","47082.35","buy"
"1","0.0075","TRADE","1641032114711","2022-01-01","56","197418971","0","73.56","BTC-21JAN22-38000-P","47086.2","buy"
"5","0.0075","TRADE","1641032114490","2022-01-01","59","197418965","1","58.66","BTC-3JAN22-46000-P","47086.2","buy"
"0.1","0.0395","TRADE","1641032088720","2022-01-01","719","197418916","2","70.49","BTC-25FEB22-40000-P","47147.01","sell"
"0.2","0.003","TRADE","1641032026684","2022-01-01","373","197418858","3","57.19","BTC-2JAN22-46000-P","47143.03","sell"
"0.1","0.0015","TRADE","1641031975194","2022-01-01","411","197418823","1","59.95","BTC-2JAN22-49000-C","47175.35","sell"
"2","0.01","TRADE","1641031966509","2022-01-01","427","197418819","1","68.78","BTC-7JAN22-44000-P","47172.9","sell"
"15.9","0.01","TRADE","1641031966496","2022-01-01","426","197418818","1","68.78","BTC-7JAN22-44000-P","47172.9","sell"
"8.2","0.01","TRADE","1641031966473","2022-01-01","425","197418817","1","68.78","BTC-7JAN22-44000-P","47172.9","buy"
"8.8","0.01","TRADE","1641031966473","2022-01-01","424","197418816","1","68.78","BTC-7JAN22-44000-P","47172.9","buy"
"12","0.01","TRADE","1641031966473","2022-01-01","423","197418815","1","68.78","BTC-7JAN22-44000-P","47172.9","buy"
"3.1","0.01","TRADE","1641031966473","2022-01-01","422","197418814","0","68.78","BTC-7JAN22-44000-P","47172.9","buy"
"10","5.0E-4","TRADE","1641031678074","2022-01-01","82","197418729","3","96.2","BTC-7JAN22-36000-P","47183.6","sell"
"0.1","0.0245","TRADE","1641031620917","2022-01-01","301","197418718","2","84.85","BTC-24JUN22-120000-C","47163.06","buy"
"10","5.0E-4","TRADE","1641031613127","2022-01-01","81","197418704","2","96.19","BTC-7JAN22-36000-P","47150.44","sell"
"2","0.01","TRADE","1641031592978","2022-01-01","61","197418683","0","58.83","BTC-3JAN22-48000-C","47184.02","buy"
"0.1","0.04","TRADE","1641031437503","2022-01-01","718","197418623","2","71.41","BTC-25FEB22-40000-P","47276.26","sell"
"0.1","0.024","TRADE","1641031425625","2022-01-01","314","197418620","2","74.1","BTC-25FEB22-65000-C","47269.41","sell"
"1","0.0395","TRADE","1641031419681","2022-01-01","344","197418612","0","69.06","BTC-28JAN22-52000-C","47285.27","sell"
"0.3","0.0075","TRADE","1641031310646","2022-01-01","743","197418534","0","72.21","BTC-7JAN22-52000-C","47237.68","buy"
"0.1","0.06","TRADE","1641031305855","2022-01-01","2651","197418525","2","73.21","BTC-25MAR22-40000-P","47229.82","sell"
"0.3","0.02","TRADE","1641031284263","2022-01-01","320","197418502","0","68.68","BTC-7JAN22-49000-C","47202.27","buy"
"1","0.003","TRADE","1641031250378","2022-01-01","30","197418450","3","75.85","BTC-21JAN22-65000-C","47182.11","buy"
"5","0.005","TRADE","1641031250356","2022-01-01","34","197418449","0","61.27","BTC-3JAN22-49000-C","47182.11","buy"
"0.8","0.0015","TRADE","1641031218024","2022-01-01","410","197418420","1","60.07","BTC-2JAN22-49000-C","47165.65","sell"
"0.1","0.033","TRADE","1641032976955","2022-01-01","1216","197420144","0","75.51","BTC-25MAR22-35000-P","46899.16","buy"
"1.2","0.0175","TRADE","1641032958263","2022-01-01","8","197420119","0","57.08","BTC-3JAN22-47000-P","46884.69","sell"
"0.1","0.0025","TRADE","1641032958052","2022-01-01","262","197420111","0","81.27","BTC-7JAN22-40000-P","46884.69","buy"
"0.3","0.025","TRADE","1641032937535","2022-01-01","632","197420054","2","69.06","BTC-7JAN22-48000-C","46862.25","sell"
"0.1","0.0245","TRADE","1641032933714","2022-01-01","735","197420006","2","71.01","BTC-28JAN22-55000-C","46863.74","sell"
"2.8","0.096","TRADE","1641032930427","2022-01-01","53","197419819","2","67.89","BTC-28JAN22-45000-C","46892.68","sell"
"2.1","0.018","TRADE","1641032930089","2022-01-01","275","197419794","3","70.99","BTC-14JAN22-52000-C","46892.68","sell"
"2","0.133","TRADE","1641032929631","2022-01-01","119","197419782","3","70.05","BTC-25FEB22-45000-C","46905.47","sell"
"0.6","0.0255","TRADE","1641032929428","2022-01-01","631","197419769","3","69.28","BTC-7JAN22-48000-C","46905.47","sell"
"0.1","0.0255","TRADE","1641032929391","2022-01-01","630","197419768","3","69.28","BTC-7JAN22-48000-C","46905.47","sell"
"3.1","0.0255","TRADE","1641032929362","2022-01-01","629","197419766","3","69.28","BTC-7JAN22-48000-C","46905.47","sell"
"15.2","0.0255","TRADE","1641032929329","2022-01-01","628","197419765","3","69.28","BTC-7JAN22-48000-C","46905.47","sell"
"1.4","0.133","TRADE","1641032929158","2022-01-01","118","197419744","3","70.05","BTC-25FEB22-45000-C","46905.47","sell"
"0.1","5.0E-4","TRADE","1641032928994","2022-01-01","309","197419738","3","70.22","BTC-2JAN22-50000-C","46905.47","sell"
"0.6","0.018","TRADE","1641032928969","2022-01-01","274","197419733","3","70.54","BTC-14JAN22-52000-C","46940.05","sell"
"0.1","0.018","TRADE","1641032928934","2022-01-01","273","197419729","3","70.54","BTC-14JAN22-52000-C","46940.05","sell"
"1.6","0.018","TRADE","1641032928899","2022-01-01","272","197419718","2","70.54","BTC-14JAN22-52000-C","46940.05","sell"
"1.6","0.133","TRADE","1641032928873","2022-01-01","117","197419714","2","69.85","BTC-25FEB22-45000-C","46940.05","sell"
"0.1","5.0E-4","TRADE","1641032927990","2022-01-01","308","197419679","3","69.71","BTC-2JAN22-50000-C","46940.05","sell"
"0.7","0.026","TRADE","1641032926986","2022-01-01","32","197419620","1","64.58","BTC-2JAN22-48000-P","46966.15","buy"
"0.8","0.026","TRADE","1641032926949","2022-01-01","31","197419618","0","64.65","BTC-2JAN22-48000-P","47006.09","buy"
"0.1","0.061","TRADE","1641032926856","2022-01-01","447","197419609","1","68.38","BTC-28JAN22-46000-P","47006.09","buy"
"2.1","0.061","TRADE","1641032926815","2022-01-01","446","197419606","0","68.38","BTC-28JAN22-46000-P","47006.09","buy"
"0.2","0.0025","TRADE","1641032924582","2022-01-01","1546","197419431","3","101.31","BTC-25MAR22-150000-C","47010.38","buy"
"1.1","0.0175","TRADE","1641032848584","2022-01-01","8","197419391","1","59.12","BTC-3JAN22-47000-C","47028.18","sell"
"0.1","0.0185","TRADE","1641032832420","2022-01-01","271","197419379","3","70.43","BTC-14JAN22-52000-C","47035.94","buy"
"0.1","0.0185","TRADE","1641032761618","2022-01-01","270","197419364","2","70.41","BTC-14JAN22-52000-C","47036.66","buy"
"0.6","0.004","TRADE","1641032707512","2022-01-01","301","197419311","3","56.73","BTC-2JAN22-48000-C","47037.53","sell"
"0.1","0.0255","TRADE","1641032656474","2022-01-01","734","197419266","2","71.31","BTC-28JAN22-55000-C","47013.42","buy"
"0.1","0.0105","TRADE","1641032653964","2022-01-01","280","197419265","1","54.4","BTC-2JAN22-47000-P","47014.15","sell"
"0.1","0.0035","TRADE","1641032650073","2022-01-01","375","197419264","1","57.13","BTC-2JAN22-46000-P","47022.64","sell"
"0.1","0.003","TRADE","1641032630385","2022-01-01","614","197419255","2","72.88","BTC-7JAN22-54000-C","47006.83","sell"
"1.5","0.0165","TRADE","1641032618909","2022-01-01","7","197419254","0","58.2","BTC-3JAN22-47000-P","47002.96","sell"
"0.1","0.004","TRADE","1641032617519","2022-01-01","300","197419252","3","58.34","BTC-2JAN22-48000-C","46995.64","buy"
"0.1","5.0E-4","TRADE","1641032540148","2022-01-01","307","197419172","3","68.66","BTC-2JAN22-50000-C","46996.6","sell"
"0.1","0.0035","TRADE","1641032478113","2022-01-01","374","197419128","0","57.13","BTC-2JAN22-46000-P","47021.03","sell"
"0.1","5.0E-4","TRADE","1641032466198","2022-01-01","306","197419123","3","68.05","BTC-2JAN22-50000-C","47044.06","sell"
"0.1","0.012","TRADE","1641032382876","2022-01-01","88","197419114","2","57.45","BTC-2JAN22-47000-C","47052.71","buy"
"2.4","0.0105","TRADE","1641032345293","2022-01-01","429","197419074","1","68.44","BTC-7JAN22-44000-P","47048.32","buy"
"0.1","5.0E-4","TRADE","1641032310088","2022-01-01","305","197419068","3","68.04","BTC-2JAN22-50000-C","47040.29","sell"
"0.1","0.0105","TRADE","1641032227461","2022-01-01","428","197419037","0","68.6","BTC-7JAN22-44000-P","47040.65","buy"
"0.1","0.004","TRADE","1641032122402","2022-01-01","299","197418995","2","55.47","BTC-2JAN22-48000-C","47073.88","sell"
"0.1","0.059","TRADE","1641032120229","2022-01-01","445","197418992","2","66.99","BTC-28JAN22-46000-P","47073.29","sell"
"2","0.0015","TRADE","1641032116680","2022-01-01","28","197418972","2","96.88","BTC-21JAN22-30000-P","47082.35","buy"
"1","0.0075","TRADE","1641032114711","2022-01-01","56","197418971","0","73.56","BTC-21JAN22-38000-P","47086.2","buy"
"5","0.0075","TRADE","1641032114490","2022-01-01","59","197418965","1","58.66","BTC-3JAN22-46000-P","47086.2","buy"
"0.1","0.0395","TRADE","1641032088720","2022-01-01","719","197418916","2","70.49","BTC-25FEB22-40000-P","47147.01","sell"
"0.2","0.003","TRADE","1641032026684","2022-01-01","373","197418858","3","57.19","BTC-2JAN22-46000-P","47143.03","sell"
"0.1","0.0015","TRADE","1641031975194","2022-01-01","411","197418823","1","59.95","BTC-2JAN22-49000-C","47175.35","sell"
"2","0.01","TRADE","1641031966509","2022-01-01","427","197418819","1","68.78","BTC-7JAN22-44000-P","47172.9","sell"
"15.9","0.01","TRADE","1641031966496","2022-01-01","426","197418818","1","68.78","BTC-7JAN22-44000-P","47172.9","sell"
"8.2","0.01","TRADE","1641031966473","2022-01-01","425","197418817","1","68.78","BTC-7JAN22-44000-P","47172.9","buy"
"8.8","0.01","TRADE","1641031966473","2022-01-01","424","197418816","1","68.78","BTC-7JAN22-44000-P","47172.9","buy"
"12","0.01","TRADE","1641031966473","2022-01-01","423","197418815","1","68.78","BTC-7JAN22-44000-P","47172.9","buy"
"3.1","0.01","TRADE","1641031966473","2022-01-01","422","197418814","0","68.78","BTC-7JAN22-44000-P","47172.9","buy"
"10","5.0E-4","TRADE","1641031678074","2022-01-01","82","197418729","3","96.2","BTC-7JAN22-36000-P","47183.6","sell"
"0.1","0.0245","TRADE","1641031620917","2022-01-01","301","197418718","2","84.85","BTC-24JUN22-120000-C","47163.06","buy"
"10","5.0E-4","TRADE","1641031613127","2022-01-01","81","197418704","2","96.19","BTC-7JAN22-36000-P","47150.44","sell"
"2","0.01","TRADE","1641031592978","2022-01-01","61","197418683","0","58.83","BTC-3JAN22-48000-C","47184.02","buy"
"0.1","0.04","TRADE","1641031437503","2022-01-01","718","197418623","2","71.41","BTC-25FEB22-40000-P","47276.26","sell"
"0.1","0.024","TRADE","1641031425625","2022-01-01","314","197418620","2","74.1","BTC-25FEB22-65000-C","47269.41","sell"
"1","0.0395","TRADE","1641031419681","2022-01-01","344","197418612","0","69.06","BTC-28JAN22-52000-C","47285.27","sell"
"0.3","0.0075","TRADE","1641031310646","2022-01-01","743","197418534","0","72.21","BTC-7JAN22-52000-C","47237.68","buy"
"0.1","0.06","TRADE","1641031305855","2022-01-01","2651","197418525","2","73.21","BTC-25MAR22-40000-P","47229.82","sell"
"0.1","0.033","TRADE","1641032976955","2022-01-01","1216","197420144","0","75.51","BTC-25MAR22-35000-P","46899.16","buy"
"1.2","0.0175","TRADE","1641032958263","2022-01-01","8","197420119","0","57.08","BTC-3JAN22-47000-P","46884.69","sell"
"0.1","0.0025","TRADE","1641032958052","2022-01-01","262","197420111","0","81.27","BTC-7JAN22-40000-P","46884.69","buy"
"0.3","0.025","TRADE","1641032937535","2022-01-01","632","197420054","2","69.06","BTC-7JAN22-48000-C","46862.25","sell"
"0.1","0.0245","TRADE","1641032933714","2022-01-01","735","197420006","2","71.01","BTC-28JAN22-55000-C","46863.74","sell"
"2.8","0.096","TRADE","1641032930427","2022-01-01","53","197419819","2","67.89","BTC-28JAN22-45000-C","46892.68","sell"
"2.1","0.018","TRADE","1641032930089","2022-01-01","275","197419794","3","70.99","BTC-14JAN22-52000-C","46892.68","sell"
"2","0.133","TRADE","1641032929631","2022-01-01","119","197419782","3","70.05","BTC-25FEB22-45000-C","46905.47","sell"
"0.6","0.0255","TRADE","1641032929428","2022-01-01","631","197419769","3","69.28","BTC-7JAN22-48000-C","46905.47","sell"
"0.1","0.0255","TRADE","1641032929391","2022-01-01","630","197419768","3","69.28","BTC-7JAN22-48000-C","46905.47","sell"
"3.1","0.0255","TRADE","1641032929362","2022-01-01","629","197419766","3","69.28","BTC-7JAN22-48000-C","46905.47","sell"
"15.2","0.0255","TRADE","1641032929329","2022-01-01","628","197419765","3","69.28","BTC-7JAN22-48000-C","46905.47","sell"
"1.4","0.133","TRADE","1641032929158","2022-01-01","118","197419744","3","70.05","BTC-25FEB22-45000-C","46905.47","sell"
"0.1","5.0E-4","TRADE","1641032928994","2022-01-01","309","197419738","3","70.22","BTC-2JAN22-50000-C","46905.47","sell"
"0.6","0.018","TRADE","1641032928969","2022-01-01","274","197419733","3","70.54","BTC-14JAN22-52000-C","46940.05","sell"
"0.1","0.018","TRADE","1641032928934","2022-01-01","273","197419729","3","70.54","BTC-14JAN22-52000-C","46940.05","sell"
"1.6","0.018","TRADE","1641032928899","2022-01-01","272","197419718","2","70.54","BTC-14JAN22-52000-C","46940.05","sell"
"1.6","0.133","TRADE","1641032928873","2022-01-01","117","197419714","2","69.85","BTC-25FEB22-45000-C","46940.05","sell"
"0.1","5.0E-4","TRADE","1641032927990","2022-01-01","308","197419679","3","69.71","BTC-2JAN22-50000-C","46940.05","sell"
"0.7","0.026","TRADE","1641032926986","2022-01-01","32","197419620","1","64.58","BTC-2JAN22-48000-P","46966.15","buy"
"0.8","0.026","TRADE","1641032926949","2022-01-01","31","197419618","0","64.65","BTC-2JAN22-48000-P","47006.09","buy"
"0.1","0.061","TRADE","1641032926856","2022-01-01","447","197419609","1","68.38","BTC-28JAN22-46000-P","47006.09","buy"
"2.1","0.061","TRADE","1641032926815","2022-01-01","446","197419606","0","68.38","BTC-28JAN22-46000-P","47006.09","buy"
"0.2","0.0025","TRADE","1641032924582","2022-01-01","1546","197419431","3","101.31","BTC-25MAR22-150000-C","47010.38","buy"
"1.1","0.0175","TRADE","1641032848584","2022-01-01","8","197419391","1","59.12","BTC-3JAN22-47000-C","47028.18","sell"
"0.1","0.0185","TRADE","1641032832420","2022-01-01","271","197419379","3","70.43","BTC-14JAN22-52000-C","47035.94","buy"
"0.1","0.0185","TRADE","1641032761618","2022-01-01","270","197419364","2","70.41","BTC-14JAN22-52000-C","47036.66","buy"
"0.6","0.004","TRADE","1641032707512","2022-01-01","301","197419311","3","56.73","BTC-2JAN22-48000-C","47037.53","sell"
"0.1","0.0255","TRADE","1641032656474","2022-01-01","734","197419266","2","71.31","BTC-28JAN22-55000-C","47013.42","buy"
"0.1","0.0105","TRADE","1641032653964","2022-01-01","280","197419265","1","54.4","BTC-2JAN22-47000-P","47014.15","sell"
"0.1","0.0035","TRADE","1641032650073","2022-01-01","375","197419264","1","57.13","BTC-2JAN22-46000-P","47022.64","sell"
"0.1","0.003","TRADE","1641032630385","2022-01-01","614","197419255","2","72.88","BTC-7JAN22-54000-C","47006.83","sell"
"1.5","0.0165","TRADE","1641032618909","2022-01-01","7","197419254","0","58.2","BTC-3JAN22-47000-P","47002.96","sell"
"0.1","0.004","TRADE","1641032617519","2022-01-01","300","197419252","3","58.34","BTC-2JAN22-48000-C","46995.64","buy"
"0.1","5.0E-4","TRADE","1641032540148","2022-01-01","307","197419172","3","68.66","BTC-2JAN22-50000-C","46996.6","sell"
"0.1","0.0035","TRADE","1641032478113","2022-01-01","374","197419128","0","57.13","BTC-2JAN22-46000-P","47021.03","sell"
"0.1","5.0E-4","TRADE","1641032466198","2022-01-01","306","197419123","3","68.05","BTC-2JAN22-50000-C","47044.06","sell"
"0.1","0.012","TRADE","1641032382876","2022-01-01","88","197419114","2","57.45","BTC-2JAN22-47000-C","47052.71","buy"
"2.4","0.0105","TRADE","1641032345293","2022-01-01","429","197419074","1","68.44","BTC-7JAN22-44000-P","47048.32","buy"
"0.1","5.0E-4","TRADE","1641032310088","2022-01-01","305","197419068","3","68.04","BTC-2JAN22-50000-C","47040.29","sell"
"0.1","0.0105","TRADE","1641032227461","2022-01-01","428","197419037","0","68.6","BTC-7JAN22-44000-P","47040.65","buy"
"0.1","0.004","TRADE","1641032122402","2022-01-01","299","197418995","2","55.47","BTC-2JAN22-48000-C","47073.88","sell"
"0.1","0.059","TRADE","1641032120229","2022-01-01","445","197418992","2","66.99","BTC-28JAN22-46000-P","47073.29","sell"
"2","0.0015","TRADE","1641032116680","2022-01-01","28","197418972","2","96.88","BTC-21JAN22-30000-P","47082.35","buy"
"1","0.0075","TRADE","1641032114711","2022-01-01","56","197418971","0","73.56","BTC-21JAN22-38000-P","47086.2","buy"
"0.6","0.0165","TRADE","1641005912220","2022-01-01","234","197400889","3","61.54","BTC-2JAN22-47000-P","46786","sell"
"2.2","0.002","TRADE","1641005884034","2022-01-01","261","197400878","3","74.66","BTC-7JAN22-40000-P","46782.92","sell"
"0.1","0.0515","TRADE","1641005858406","2022-01-01","18","197400852","3","69.22","BTC-14JAN22-47000-C","46810.09","sell"
"1.3","0.087","TRADE","1641005850008","2022-01-01","546","197400845","3","69.55","BTC-28JAN22-48000-P","46818.24","buy"
"2","0.0185","TRADE","1641005837273","2022-01-01","176","197400819","2","68.6","BTC-7JAN22-45000-P","46836.04","sell"
"0.1","0.027","TRADE","1641005716795","2022-01-01","611","197400798","0","71.72","BTC-7JAN22-48000-C","46816.89","buy"
"0.2","0.0095","TRADE","1641005542479","2022-01-01","3449","197400751","3","88.37","BTC-25MAR22-100000-C","46815.53","buy"
"0.6","0.006","TRADE","1641005308599","2022-01-01","231","197400655","2","66.2","BTC-2JAN22-48000-C","46811.18","sell"
"2.7","0.021","TRADE","1641005243013","2022-01-01","2772","197400609","3","81.42","BTC-25MAR22-80000-C","46816.39","buy"
"1","0.013","TRADE","1641005021651","2022-01-01","1237","197400542","1","74.73","BTC-28JAN22-60000-C","46801.19","sell"
"0.1","0.0025","TRADE","1641004998243","2022-01-01","332","197400539","1","76.83","BTC-7JAN22-55000-C","46799.43","sell"
"0.9","0.004","TRADE","1641004995849","2022-01-01","1541","197400538","3","81.63","BTC-28JAN22-70000-C","46799.48","sell"
"2","0.003","TRADE","1641004935264","2022-01-01","306","197400522","2","76.4","BTC-14JAN22-60000-C","46787.1","sell"
"0.1","0.014","TRADE","1641004880206","2022-01-01","155","197400485","2","68.69","BTC-14JAN22-42000-P","46766.72","sell"
"0.5","0.0015","TRADE","1641004873920","2022-01-01","186","197400479","2","69.3","BTC-1JAN22-46000-P","46765.1","buy"
"0.1","0.087","TRADE","1641004757092","2022-01-01","545","197400454","2","68.69","BTC-28JAN22-48000-P","46748.38","sell"
"1.8","0.0035","TRADE","1641004757080","2022-01-01","146","197400453","2","59","BTC-1JAN22-47000-C","46748.38","buy"
"1.2","0.0285","TRADE","1641004743442","2022-01-01","230","197400439","1","71.4","BTC-14JAN22-50000-C","46742.32","sell"
"0.2","0.0305","TRADE","1641004665040","2022-01-01","436","197400436","2","69.24","BTC-28JAN22-42000-P","46746.28","sell"
"2.4","0.0285","TRADE","1641004626620","2022-01-01","229","197400413","1","71.18","BTC-14JAN22-50000-C","46755.82","sell"
"1","0.039","TRADE","1641004610368","2022-01-01","268","197400344","0","71.26","BTC-7JAN22-47000-P","46767.65","buy"
"0.5","0.0515","TRADE","1641004609754","2022-01-01","17","197400326","2","69.31","BTC-14JAN22-47000-C","46778.85","sell"
"0.1","0.008","TRADE","1641004609751","2022-01-01","736","197400325","1","76.45","BTC-7JAN22-52000-C","46778.85","sell"
"2.7","0.008","TRADE","1641004609696","2022-01-01","735","197400318","1","76.45","BTC-7JAN22-52000-C","46778.85","sell"
"2.2","0.008","TRADE","1641004609608","2022-01-01","734","197400316","1","76.45","BTC-7JAN22-52000-C","46778.85","sell"
"0.6","0.0265","TRADE","1641004609196","2022-01-01","126","197400286","3","70.64","BTC-1JAN22-48000-P","46778.85","buy"
"0.2","0.0265","TRADE","1641004609167","2022-01-01","125","197400281","3","70.82","BTC-1JAN22-48000-P","46784.7","buy"
"0.5","0.0265","TRADE","1641004609151","2022-01-01","124","197400279","2","70.82","BTC-1JAN22-48000-P","46784.7","buy"
"1.8","0.011","TRADE","1641004595417","2022-01-01","432","197400210","2","75.34","BTC-7JAN22-51000-C","46787.13","buy"
"0.1","0.02","TRADE","1641004374724","2022-01-01","1476","197400142","2","70.92","BTC-28JAN22-40000-P","46797.57","buy"
"3.8","5.0E-4","TRADE","1641004350814","2022-01-01","256","197400112","2","66.94","BTC-1JAN22-48000-C","46810.57","sell"
"2","0.0065","TRADE","1641004295001","2022-01-01","230","197400092","3","68.4","BTC-2JAN22-48000-C","46813.92","buy"
"2","0.0635","TRADE","1641004015480","2022-01-01","43","197399994","0","70.29","BTC-14JAN22-46000-C","46844.32","buy"
"0.1","0.015","TRADE","1641003918634","2022-01-01","3","197399970","2","87.28","BTC-30DEC22-300000-C","46841.58","buy"
"0.1","0.0215","TRADE","1641003895817","2022-01-01","3","197399964","1","85.73","BTC-30DEC22-250000-C","46848.43","buy"
"0.1","0.0215","TRADE","1641003895817","2022-01-01","2","197399963","1","85.73","BTC-30DEC22-250000-C","46848.43","buy"
"0.1","0.0325","TRADE","1641003808415","2022-01-01","7","197399930","0","83.56","BTC-30DEC22-200000-C","46879.33","buy"
"0.3","0.0185","TRADE","1641003739499","2022-01-01","38","197399886","3","68.69","BTC-14JAN22-43000-P","46884.83","sell"
"4.7","0.0185","TRADE","1641003739499","2022-01-01","37","197399885","2","68.69","BTC-14JAN22-43000-P","46884.83","sell"
"0.7","0.053","TRADE","1641003736190","2022-01-01","16","197399865","1","69.83","BTC-14JAN22-47000-C","46896.73","sell"
"2.4","0.032","TRADE","1641003703097","2022-01-01","11","197399848","3","68.08","BTC-14JAN22-45000-P","46904.65","sell"
"2.6","0.032","TRADE","1641003703097","2022-01-01","10","197399847","2","68.08","BTC-14JAN22-45000-P","46904.65","sell"
"1","0.048","TRADE","1641003700495","2022-01-01","100","197399844","0","71.58","BTC-7JAN22-46000-C","46891.97","buy"
"1.3","0.053","TRADE","1641003664786","2022-01-01","15","197399806","0","69.71","BTC-14JAN22-47000-C","46901.32","sell"
"0.1","0.0115","TRADE","1641003583864","2022-01-01","431","197399757","1","75.28","BTC-7JAN22-51000-C","46909.8","buy"
"1.9","0.0125","TRADE","1641003496774","2022-01-01","282","197399724","1","73.09","BTC-14JAN22-54000-C","46904.33","sell"
"9.1","0.0125","TRADE","1641003496770","2022-01-01","281","197399723","1","73.09","BTC-14JAN22-54000-C","46904.33","buy"
"7.3","0.0125","TRADE","1641003496770","2022-01-01","280","197399722","1","73.09","BTC-14JAN22-54000-C","46904.33","buy"
"1.7","0.0125","TRADE","1641003496770","2022-01-01","279","197399721","0","73.09","BTC-14JAN22-54000-C","46904.33","buy"
"2.1","0.09","TRADE","1641003465256","2022-01-01","347","197399720","1","72.54","BTC-25FEB22-50000-C","46905.43","buy"
"6.8","0.0115","TRADE","1641003464553","2022-01-01","430","197399718","1","75.48","BTC-7JAN22-51000-C","46905.51","buy"
"12","0.0115","TRADE","1641003464553","2022-01-01","429","197399717","1","75.48","BTC-7JAN22-51000-C","46905.51","buy"
"26","0.0115","TRADE","1641003464553","2022-01-01","428","197399716","1","75.48","BTC-7JAN22-51000-C","46905.51","buy"
"1.7","0.0115","TRADE","1641003464553","2022-01-01","427","197399715","1","75.48","BTC-7JAN22-51000-C","46905.51","buy"
"1.2","0.0115","TRADE","1641003464553","2022-01-01","426","197399714","0","75.48","BTC-7JAN22-51000-C","46905.51","buy"
"2.3","0.011","TRADE","1641003464553","2022-01-01","425","197399713","0","74.16","BTC-7JAN22-51000-C","46905.51","buy"
"11.9","0.008","TRADE","1641003448547","2022-01-01","733","197399707","1","75.27","BTC-7JAN22-52000-C","46905.67","buy"
"2","0.008","TRADE","1641003448547","2022-01-01","732","197399706","1","75.27","BTC-7JAN22-52000-C","46905.67","buy"
"2.7","0.008","TRADE","1641003448547","2022-01-01","731","197399705","1","75.27","BTC-7JAN22-52000-C","46905.67","buy"
"7.3","0.008","TRADE","1641003448547","2022-01-01","730","197399704","1","75.27","BTC-7JAN22-52000-C","46905.67","buy"
"0.1","0.008","TRADE","1641003448547","2022-01-01","729","197399703","0","75.27","BTC-7JAN22-52000-C","46905.67","buy"
"2","0.0525","TRADE","1641003430249","2022-01-01","14","197399696","1","69.37","BTC-14JAN22-47000-C","46894.16","sell"
"0.1","0.0015","TRADE","1641003415324","2022-01-01","255","197399695","1","83.3","BTC-1JAN22-48000-C","46894.46","buy"
"0.1","0.0015","TRADE","1641003412824","2022-01-01","254","197399694","0","83.29","BTC-1JAN22-48000-C","46895.2","buy"
"0.7","0.0625","TRADE","1641003357957","2022-01-01","42","197399680","1","68.5","BTC-14JAN22-46000-C","46882.6","buy"
"0.4","0.09","TRADE","1641003346250","2022-01-01","346","197399668","1","72.57","BTC-25FEB22-50000-C","46888.52","buy"
"0.9","0.09","TRADE","1641003346250","2022-01-01","345","197399667","1","72.57","BTC-25FEB22-50000-C","46888.52","buy"
"1.2","0.0625","TRADE","1641003345872","2022-01-01","41","197399658","1","68.47","BTC-14JAN22-46000-C","46888.52","buy"
"1.6","0.09","TRADE","1641003345085","2022-01-01","344","197399657","1","72.58","BTC-25FEB22-50000-C","46886.01","buy"
"0.1","0.0625","TRADE","1641003341335","2022-01-01","40","197399647","1","68.65","BTC-14JAN22-46000-C","46878.23","buy"
"5.5","0.0625","TRADE","1641003341333","2022-01-01","39","197399646","1","68.65","BTC-14JAN22-46000-C","46878.23","buy"
"1.3","0.0625","TRADE","1641003336206","2022-01-01","38","197399641","1","68.81","BTC-14JAN22-46000-C","46868.74","buy"
"1.2","0.0625","TRADE","1641003334586","2022-01-01","37","197399626","0","68.94","BTC-14JAN22-46000-C","46859.33","buy"
"0.2","0.0525","TRADE","1641003279673","2022-01-01","13","197399603","1","70.06","BTC-14JAN22-47000-C","46841.59","buy"
"1.8","0.0525","TRADE","1641003279673","2022-01-01","12","197399602","0","70.06","BTC-14JAN22-47000-C","46841.59","buy"
"0.7","0.052","TRADE","1641003278790","2022-01-01","11","197399601","1","69.37","BTC-14JAN22-47000-C","46844.14","sell"
"1.3","0.052","TRADE","1641003278699","2022-01-01","10","197399599","0","69.37","BTC-14JAN22-47000-C","46844.14","sell"
"2","0.0025","TRADE","1641003205407","2022-01-01","365","197399591","2","67.05","BTC-2JAN22-49000-C","46842.04","sell"
"2","0.001","TRADE","1641003133049","2022-01-01","255","197399572","3","70.06","BTC-2JAN22-50000-C","46841.01","sell"
"0.1","0.0145","TRADE","1641002945428","2022-01-01","35","197399415","0","72.09","BTC-21JAN22-56000-C","46844.84","sell"
"0.3","0.004","TRADE","1641002926377","2022-01-01","145","197399414","3","53.47","BTC-1JAN22-47000-C","46840.58","sell"
"3.1","5.0E-4","TRADE","1641002920398","2022-01-01","429","197399410","3","83.31","BTC-7JAN22-60000-C","46847.64","sell"
"1.9","5.0E-4","TRADE","1641002920398","2022-01-01","428","197399409","3","83.31","BTC-7JAN22-60000-C","46847.64","sell"
"0.1","0.038","TRADE","1641002854276","2022-01-01","267","197399392","3","70.47","BTC-7JAN22-47000-P","46843.51","sell"
"1","0.038","TRADE","1641002842999","2022-01-01","266","197399385","3","70.46","BTC-7JAN22-47000-P","46837.04","sell"
"1.4","0.038","TRADE","1641002839836","2022-01-01","265","197399377","3","70.39","BTC-7JAN22-47000-P","46832.8","sell"
"1.4","0.0425","TRADE","1641002839546","2022-01-01","138","197399376","1","69.3","BTC-14JAN22-48000-C","46829.47","buy"
"1","5.0E-4","TRADE","1641002827093","2022-01-01","5","197399370","3","79.95","BTC-21JAN22-75000-C","46828.91","sell"
"0.1","0.017","TRADE","1641002822857","2022-01-01","458","197399361","1","73.37","BTC-28JAN22-58000-C","46824.9","sell"
"1","5.0E-4","TRADE","1641002806512","2022-01-01","4","197399360","3","79.94","BTC-21JAN22-75000-C","46827.56","sell"
"1.3","0.0425","TRADE","1641002796066","2022-01-01","137","197399359","1","69.39","BTC-14JAN22-48000-C","46813.64","buy"
"1","5.0E-4","TRADE","1641002774988","2022-01-01","3","197399349","2","79.99","BTC-21JAN22-75000-C","46805.05","sell"
"1.7","0.0165","TRADE","1641002762898","2022-01-01","233","197399343","3","62.19","BTC-2JAN22-47000-P","46814.19","buy"
"1","0.001","TRADE","1641002715014","2022-01-01","254","197399287","2","70.41","BTC-2JAN22-50000-C","46816.18","sell"
"1","5.0E-4","TRADE","1641002688331","2022-01-01","253","197399261","3","64.36","BTC-1JAN22-48000-C","46813.15","sell"
"0.2","0.038","TRADE","1641002679464","2022-01-01","453","197399259","2","74.75","BTC-25FEB22-60000-C","46810.4","sell"
"0.1","0.169","TRADE","1641002649863","2022-01-01","2115","197399256","2","73.56","BTC-25MAR22-50000-P","46811.54","sell"
"0.1","0.1195","TRADE","1641002649328","2022-01-01","2244","197399254","0","73.59","BTC-25MAR22-50000-C","46811.54","sell"
"0.1","0.004","TRADE","1641002632677","2022-01-01","1540","197399252","3","81.45","BTC-28JAN22-70000-C","46810.38","sell"
"0.4","0.013","TRADE","1641002615035","2022-01-01","1236","197399250","1","74.52","BTC-28JAN22-60000-C","46807.99","buy"
"0.6","0.0165","TRADE","1641005912220","2022-01-01","234","197400889","3","61.54","BTC-2JAN22-47000-P","46786","sell"
"2.2","0.002","TRADE","1641005884034","2022-01-01","261","197400878","3","74.66","BTC-7JAN22-40000-P","46782.92","sell"
"0.1","0.0515","TRADE","1641005858406","2022-01-01","18","197400852","3","69.22","BTC-14JAN22-47000-C","46810.09","sell"
"1.3","0.087","TRADE","1641005850008","2022-01-01","546","197400845","3","69.55","BTC-28JAN22-48000-P","46818.24","buy"
"2","0.0185","TRADE","1641005837273","2022-01-01","176","197400819","2","68.6","BTC-7JAN22-45000-P","46836.04","sell"
"0.1","0.027","TRADE","1641005716795","2022-01-01","611","197400798","0","71.72","BTC-7JAN22-48000-C","46816.89","buy"
"0.2","0.0095","TRADE","1641005542479","2022-01-01","3449","197400751","3","88.37","BTC-25MAR22-100000-C","46815.53","buy"
"0.6","0.006","TRADE","1641005308599","2022-01-01","231","197400655","2","66.2","BTC-2JAN22-48000-C","46811.18","sell"
"2.7","0.021","TRADE","1641005243013","2022-01-01","2772","197400609","3","81.42","BTC-25MAR22-80000-C","46816.39","buy"
"1","0.013","TRADE","1641005021651","2022-01-01","1237","197400542","1","74.73","BTC-28JAN22-60000-C","46801.19","sell"
"0.1","0.0025","TRADE","1641004998243","2022-01-01","332","197400539","1","76.83","BTC-7JAN22-55000-C","46799.43","sell"
"0.9","0.004","TRADE","1641004995849","2022-01-01","1541","197400538","3","81.63","BTC-28JAN22-70000-C","46799.48","sell"
"2","0.003","TRADE","1641004935264","2022-01-01","306","197400522","2","76.4","BTC-14JAN22-60000-C","46787.1","sell"
"0.1","0.014","TRADE","1641004880206","2022-01-01","155","197400485","2","68.69","BTC-14JAN22-42000-P","46766.72","sell"
"0.5","0.0015","TRADE","1641004873920","2022-01-01","186","197400479","2","69.3","BTC-1JAN22-46000-P","46765.1","buy"
"0.1","0.087","TRADE","1641004757092","2022-01-01","545","197400454","2","68.69","BTC-28JAN22-48000-P","46748.38","sell"
"1.8","0.0035","TRADE","1641004757080","2022-01-01","146","197400453","2","59","BTC-1JAN22-47000-C","46748.38","buy"
"1.2","0.0285","TRADE","1641004743442","2022-01-01","230","197400439","1","71.4","BTC-14JAN22-50000-C","46742.32","sell"
"0.2","0.0305","TRADE","1641004665040","2022-01-01","436","197400436","2","69.24","BTC-28JAN22-42000-P","46746.28","sell"
"2.4","0.0285","TRADE","1641004626620","2022-01-01","229","197400413","1","71.18","BTC-14JAN22-50000-C","46755.82","sell"
"1","0.039","TRADE","1641004610368","2022-01-01","268","197400344","0","71.26","BTC-7JAN22-47000-P","46767.65","buy"
"0.5","0.0515","TRADE","1641004609754","2022-01-01","17","197400326","2","69.31","BTC-14JAN22-47000-C","46778.85","sell"
"0.1","0.008","TRADE","1641004609751","2022-01-01","736","197400325","1","76.45","BTC-7JAN22-52000-C","46778.85","sell"
"2.7","0.008","TRADE","1641004609696","2022-01-01","735","197400318","1","76.45","BTC-7JAN22-52000-C","46778.85","sell"
"2.2","0.008","TRADE","1641004609608","2022-01-01","734","197400316","1","76.45","BTC-7JAN22-52000-C","46778.85","sell"
"0.6","0.0265","TRADE","1641004609196","2022-01-01","126","197400286","3","70.64","BTC-1JAN22-48000-P","46778.85","buy"
"0.2","0.0265","TRADE","1641004609167","2022-01-01","125","197400281","3","70.82","BTC-1JAN22-48000-P","46784.7","buy"
"0.5","0.0265","TRADE","1641004609151","2022-01-01","124","197400279","2","70.82","BTC-1JAN22-48000-P","46784.7","buy"
"1.8","0.011","TRADE","1641004595417","2022-01-01","432","197400210","2","75.34","BTC-7JAN22-51000-C","46787.13","buy"
"0.1","0.02","TRADE","1641004374724","2022-01-01","1476","197400142","2","70.92","BTC-28JAN22-40000-P","46797.57","buy"
"3.8","5.0E-4","TRADE","1641004350814","2022-01-01","256","197400112","2","66.94","BTC-1JAN22-48000-C","46810.57","sell"
"2","0.0065","TRADE","1641004295001","2022-01-01","230","197400092","3","68.4","BTC-2JAN22-48000-C","46813.92","buy"
"2","0.0635","TRADE","1641004015480","2022-01-01","43","197399994","0","70.29","BTC-14JAN22-46000-C","46844.32","buy"
"0.1","0.015","TRADE","1641003918634","2022-01-01","3","197399970","2","87.28","BTC-30DEC22-300000-C","46841.58","buy"
"0.1","0.0215","TRADE","1641003895817","2022-01-01","3","197399964","1","85.73","BTC-30DEC22-250000-C","46848.43","buy"
"0.1","0.0215","TRADE","1641003895817","2022-01-01","2","197399963","1","85.73","BTC-30DEC22-250000-C","46848.43","buy"
"0.1","0.0325","TRADE","1641003808415","2022-01-01","7","197399930","0","83.56","BTC-30DEC22-200000-C","46879.33","buy"
"0.3","0.0185","TRADE","1641003739499","2022-01-01","38","197399886","3","68.69","BTC-14JAN22-43000-P","46884.83","sell"
"4.7","0.0185","TRADE","1641003739499","2022-01-01","37","197399885","2","68.69","BTC-14JAN22-43000-P","46884.83","sell"
"0.7","0.053","TRADE","1641003736190","2022-01-01","16","197399865","1","69.83","BTC-14JAN22-47000-C","46896.73","sell"
"2.4","0.032","TRADE","1641003703097","2022-01-01","11","197399848","3","68.08","BTC-14JAN22-45000-P","46904.65","sell"
"2.6","0.032","TRADE","1641003703097","2022-01-01","10","197399847","2","68.08","BTC-14JAN22-45000-P","46904.65","sell"
"1","0.048","TRADE","1641003700495","2022-01-01","100","197399844","0","71.58","BTC-7JAN22-46000-C","46891.97","buy"
"1.3","0.053","TRADE","1641003664786","2022-01-01","15","197399806","0","69.71","BTC-14JAN22-47000-C","46901.32","sell"
"0.1","0.0115","TRADE","1641003583864","2022-01-01","431","197399757","1","75.28","BTC-7JAN22-51000-C","46909.8","buy"
"1.9","0.0125","TRADE","1641003496774","2022-01-01","282","197399724","1","73.09","BTC-14JAN22-54000-C","46904.33","sell"
"9.1","0.0125","TRADE","1641003496770","2022-01-01","281","197399723","1","73.09","BTC-14JAN22-54000-C","46904.33","buy"
"7.3","0.0125","TRADE","1641003496770","2022-01-01","280","197399722","1","73.09","BTC-14JAN22-54000-C","46904.33","buy"
"1.7","0.0125","TRADE","1641003496770","2022-01-01","279","197399721","0","73.09","BTC-14JAN22-54000-C","46904.33","buy"
"2.1","0.09","TRADE","1641003465256","2022-01-01","347","197399720","1","72.54","BTC-25FEB22-50000-C","46905.43","buy"
"6.8","0.0115","TRADE","1641003464553","2022-01-01","430","197399718","1","75.48","BTC-7JAN22-51000-C","46905.51","buy"
"12","0.0115","TRADE","1641003464553","2022-01-01","429","197399717","1","75.48","BTC-7JAN22-51000-C","46905.51","buy"
"26","0.0115","TRADE","1641003464553","2022-01-01","428","197399716","1","75.48","BTC-7JAN22-51000-C","46905.51","buy"
"1.7","0.0115","TRADE","1641003464553","2022-01-01","427","197399715","1","75.48","BTC-7JAN22-51000-C","46905.51","buy"
"1.2","0.0115","TRADE","1641003464553","2022-01-01","426","197399714","0","75.48","BTC-7JAN22-51000-C","46905.51","buy"
"2.3","0.011","TRADE","1641003464553","2022-01-01","425","197399713","0","74.16","BTC-7JAN22-51000-C","46905.51","buy"
"11.9","0.008","TRADE","1641003448547","2022-01-01","733","197399707","1","75.27","BTC-7JAN22-52000-C","46905.67","buy"
"2","0.008","TRADE","1641003448547","2022-01-01","732","197399706","1","75.27","BTC-7JAN22-52000-C","46905.67","buy"
"2.7","0.008","TRADE","1641003448547","2022-01-01","731","197399705","1","75.27","BTC-7JAN22-52000-C","46905.67","buy"
"7.3","0.008","TRADE","1641003448547","2022-01-01","730","197399704","1","75.27","BTC-7JAN22-52000-C","46905.67","buy"
"0.1","0.008","TRADE","1641003448547","2022-01-01","729","197399703","0","75.27","BTC-7JAN22-52000-C","46905.67","buy"
"2","0.0525","TRADE","1641003430249","2022-01-01","14","197399696","1","69.37","BTC-14JAN22-47000-C","46894.16","sell"
"0.1","0.0015","TRADE","1641003415324","2022-01-01","255","197399695","1","83.3","BTC-1JAN22-48000-C","46894.46","buy"
"0.1","0.0015","TRADE","1641003412824","2022-01-01","254","197399694","0","83.29","BTC-1JAN22-48000-C","46895.2","buy"
"0.7","0.0625","TRADE","1641003357957","2022-01-01","42","197399680","1","68.5","BTC-14JAN22-46000-C","46882.6","buy"
"0.4","0.09","TRADE","1641003346250","2022-01-01","346","197399668","1","72.57","BTC-25FEB22-50000-C","46888.52","buy"
"0.9","0.09","TRADE","1641003346250","2022-01-01","345","197399667","1","72.57","BTC-25FEB22-50000-C","46888.52","buy"
"1.2","0.0625","TRADE","1641003345872","2022-01-01","41","197399658","1","68.47","BTC-14JAN22-46000-C","46888.52","buy"
"1.6","0.09","TRADE","1641003345085","2022-01-01","344","197399657","1","72.58","BTC-25FEB22-50000-C","46886.01","buy"
"0.1","0.0625","TRADE","1641003341335","2022-01-01","40","197399647","1","68.65","BTC-14JAN22-46000-C","46878.23","buy"
"5.5","0.0625","TRADE","1641003341333","2022-01-01","39","197399646","1","68.65","BTC-14JAN22-46000-C","46878.23","buy"
"1.3","0.0625","TRADE","1641003336206","2022-01-01","38","197399641","1","68.81","BTC-14JAN22-46000-C","46868.74","buy"
"1.2","0.0625","TRADE","1641003334586","2022-01-01","37","197399626","0","68.94","BTC-14JAN22-46000-C","46859.33","buy"
"0.2","0.0525","TRADE","1641003279673","2022-01-01","13","197399603","1","70.06","BTC-14JAN22-47000-C","46841.59","buy"
"1.8","0.0525","TRADE","1641003279673","2022-01-01","12","197399602","0","70.06","BTC-14JAN22-47000-C","46841.59","buy"
"0.7","0.052","TRADE","1641003278790","2022-01-01","11","197399601","1","69.37","BTC-14JAN22-47000-C","46844.14","sell"
"1.3","0.052","TRADE","1641003278699","2022-01-01","10","197399599","0","69.37","BTC-14JAN22-47000-C","46844.14","sell"
"2","0.0025","TRADE","1641003205407","2022-01-01","365","197399591","2","67.05","BTC-2JAN22-49000-C","46842.04","sell"
"2","0.001","TRADE","1641003133049","2022-01-01","255","197399572","3","70.06","BTC-2JAN22-50000-C","46841.01","sell"
"0.1","0.0145","TRADE","1641002945428","2022-01-01","35","197399415","0","72.09","BTC-21JAN22-56000-C","46844.84","sell"
"0.6","0.0165","TRADE","1641005912220","2022-01-01","234","197400889","3","61.54","BTC-2JAN22-47000-P","46786","sell"
"2.2","0.002","TRADE","1641005884034","2022-01-01","261","197400878","3","74.66","BTC-7JAN22-40000-P","46782.92","sell"
"0.1","0.0515","TRADE","1641005858406","2022-01-01","18","197400852","3","69.22","BTC-14JAN22-47000-C","46810.09","sell"
"1.3","0.087","TRADE","1641005850008","2022-01-01","546","197400845","3","69.55","BTC-28JAN22-48000-P","46818.24","buy"
"2","0.0185","TRADE","1641005837273","2022-01-01","176","197400819","2","68.6","BTC-7JAN22-45000-P","46836.04","sell"
"0.1","0.027","TRADE","1641005716795","2022-01-01","611","197400798","0","71.72","BTC-7JAN22-48000-C","46816.89","buy"
"0.2","0.0095","TRADE","1641005542479","2022-01-01","3449","197400751","3","88.37","BTC-25MAR22-100000-C","46815.53","buy"
"0.6","0.006","TRADE","1641005308599","2022-01-01","231","197400655","2","66.2","BTC-2JAN22-48000-C","46811.18","sell"
"2.7","0.021","TRADE","1641005243013","2022-01-01","2772","197400609","3","81.42","BTC-25MAR22-80000-C","46816.39","buy"
"1","0.013","TRADE","1641005021651","2022-01-01","1237","197400542","1","74.73","BTC-28JAN22-60000-C","46801.19","sell"
"0.1","0.0025","TRADE","1641004998243","2022-01-01","332","197400539","1","76.83","BTC-7JAN22-55000-C","46799.43","sell"
"0.9","0.004","TRADE","1641004995849","2022-01-01","1541","197400538","3","81.63","BTC-28JAN22-70000-C","46799.48","sell"
"2","0.003","TRADE","1641004935264","2022-01-01","306","197400522","2","76.4","BTC-14JAN22-60000-C","46787.1","sell"
"0.1","0.014","TRADE","1641004880206","2022-01-01","155","197400485","2","68.69","BTC-14JAN22-42000-P","46766.72","sell"
"0.5","0.0015","TRADE","1641004873920","2022-01-01","186","197400479","2","69.3","BTC-1JAN22-46000-P","46765.1","buy"
"0.1","0.087","TRADE","1641004757092","2022-01-01","545","197400454","2","68.69","BTC-28JAN22-48000-P","46748.38","sell"
"1.8","0.0035","TRADE","1641004757080","2022-01-01","146","197400453","2","59","BTC-1JAN22-47000-C","46748.38","buy"
"1.2","0.0285","TRADE","1641004743442","2022-01-01","230","197400439","1","71.4","BTC-14JAN22-50000-C","46742.32","sell"
"0.2","0.0305","TRADE","1641004665040","2022-01-01","436","197400436","2","69.24","BTC-28JAN22-42000-P","46746.28","sell"
"2.4","0.0285","TRADE","1641004626620","2022-01-01","229","197400413","1","71.18","BTC-14JAN22-50000-C","46755.82","sell"
"1","0.039","TRADE","1641004610368","2022-01-01","268","197400344","0","71.26","BTC-7JAN22-47000-P","46767.65","buy"
"0.5","0.0515","TRADE","1641004609754","2022-01-01","17","197400326","2","69.31","BTC-14JAN22-47000-C","46778.85","sell"
"0.1","0.008","TRADE","1641004609751","2022-01-01","736","197400325","1","76.45","BTC-7JAN22-52000-C","46778.85","sell"
"2.7","0.008","TRADE","1641004609696","2022-01-01","735","197400318","1","76.45","BTC-7JAN22-52000-C","46778.85","sell"
"2.2","0.008","TRADE","1641004609608","2022-01-01","734","197400316","1","76.45","BTC-7JAN22-52000-C","46778.85","sell"
"0.6","0.0265","TRADE","1641004609196","2022-01-01","126","197400286","3","70.64","BTC-1JAN22-48000-P","46778.85","buy"
"0.2","0.0265","TRADE","1641004609167","2022-01-01","125","197400281","3","70.82","BTC-1JAN22-48000-P","46784.7","buy"
"0.5","0.0265","TRADE","1641004609151","2022-01-01","124","197400279","2","70.82","BTC-1JAN22-48000-P","46784.7","buy"
"1.8","0.011","TRADE","1641004595417","2022-01-01","432","197400210","2","75.34","BTC-7JAN22-51000-C","46787.13","buy"
"0.1","0.02","TRADE","1641004374724","2022-01-01","1476","197400142","2","70.92","BTC-28JAN22-40000-P","46797.57","buy"
"3.8","5.0E-4","TRADE","1641004350814","2022-01-01","256","197400112","2","66.94","BTC-1JAN22-48000-C","46810.57","sell"
"0.6","0.0165","TRADE","1641005912220","2022-01-01","234","197400889","3","61.54","BTC-2JAN22-47000-P","46786","sell"
"2.2","0.002","TRADE","1641005884034","2022-01-01","261","197400878","3","74.66","BTC-7JAN22-40000-P","46782.92","sell"
"0.1","0.0515","TRADE","1641005858406","2022-01-01","18","197400852","3","69.22","BTC-14JAN22-47000-C","46810.09","sell"
"1.3","0.087","TRADE","1641005850008","2022-01-01","546","197400845","3","69.55","BTC-28JAN22-48000-P","46818.24","buy"
"2","0.0185","TRADE","1641005837273","2022-01-01","176","197400819","2","68.6","BTC-7JAN22-45000-P","46836.04","sell"
"0.1","0.027","TRADE","1641005716795","2022-01-01","611","197400798","0","71.72","BTC-7JAN22-48000-C","46816.89","buy"
"0.1","0.033","TRADE","1641032976955","2022-01-01","1216","197420144","0","75.51","BTC-25MAR22-35000-P","46899.16","buy"
"1.2","0.0175","TRADE","1641032958263","2022-01-01","8","197420119","0","57.08","BTC-3JAN22-47000-P","46884.69","sell"
"0.1","0.0025","TRADE","1641032958052","2022-01-01","262","197420111","0","81.27","BTC-7JAN22-40000-P","46884.69","buy"
"0.3","0.025","TRADE","1641032937535","2022-01-01","632","197420054","2","69.06","BTC-7JAN22-48000-C","46862.25","sell"
"0.1","0.0245","TRADE","1641032933714","2022-01-01","735","197420006","2","71.01","BTC-28JAN22-55000-C","46863.74","sell"
"2.8","0.096","TRADE","1641032930427","2022-01-01","53","197419819","2","67.89","BTC-28JAN22-45000-C","46892.68","sell"
"2.1","0.018","TRADE","1641032930089","2022-01-01","275","197419794","3","70.99","BTC-14JAN22-52000-C","46892.68","sell"
"2","0.133","TRADE","1641032929631","2022-01-01","119","197419782","3","70.05","BTC-25FEB22-45000-C","46905.47","sell"
"0.6","0.0255","TRADE","1641032929428","2022-01-01","631","197419769","3","69.28","BTC-7JAN22-48000-C","46905.47","sell"
"0.8","0.007","TRADE","1640999943365","2022-01-01","228","197396830","1","68.02","BTC-2JAN22-48000-C","46863.72","buy"
"0.1","0.0875","TRADE","1640999888064","2022-01-01","544","197396718","2","70.5","BTC-28JAN22-48000-P","46860.47","buy"
"0.8","0.007","TRADE","1640999850525","2022-01-01","227","197396674","0","68.44","BTC-2JAN22-48000-C","46862.31","buy"
"3","0.0525","TRADE","1640999839181","2022-01-01","1015","197396618","0","71.07","BTC-28JAN22-50000-C","46851.31","buy"
"0.5","0.035","TRADE","1640999786043","2022-01-01","150","197396509","0","70.27","BTC-7JAN22-47000-C","46796.25","buy"
"0.1","0.0065","TRADE","1640999785309","2022-01-01","226","197396487","1","67.83","BTC-2JAN22-48000-C","46789.13","buy"
"0.4","0.0065","TRADE","1640999785294","2022-01-01","225","197396480","1","67.83","BTC-2JAN22-48000-C","46789.13","buy"
"0.9","0.0065","TRADE","1640999785277","2022-01-01","224","197396475","0","67.83","BTC-2JAN22-48000-C","46789.13","buy"
"11.9","0.0415","TRADE","1640999775728","2022-01-01","134","197396440","1","68.7","BTC-14JAN22-48000-C","46776.76","buy"
"1.2","0.0415","TRADE","1640999732400","2022-01-01","133","197396379","0","68.77","BTC-14JAN22-48000-C","46767.47","buy"
"0.8","0.0345","TRADE","1640999732256","2022-01-01","149","197396373","3","69.97","BTC-7JAN22-47000-C","46760.77","buy"
"1.8","0.0345","TRADE","1640999731749","2022-01-01","148","197396371","3","69.97","BTC-7JAN22-47000-C","46760.77","buy"
"1.7","0.0345","TRADE","1640999718279","2022-01-01","147","197396365","3","69.97","BTC-7JAN22-47000-C","46758.25","buy"
"1.2","0.0345","TRADE","1640999699945","2022-01-01","146","197396336","3","70.07","BTC-7JAN22-47000-C","46752.44","buy"
"1.2","0.0345","TRADE","1640999691906","2022-01-01","145","197396319","3","70.16","BTC-7JAN22-47000-C","46749.73","buy"
"1.1","0.0345","TRADE","1640999570276","2022-01-01","144","197396258","3","70.33","BTC-7JAN22-47000-C","46742.61","buy"
"1.9","0.0345","TRADE","1640999554601","2022-01-01","143","197396247","3","70.28","BTC-7JAN22-47000-C","46739.04","buy"
"1.4","0.018","TRADE","1640999532289","2022-01-01","73","197396229","0","70.59","BTC-1JAN22-46000-C","46730.25","buy"
"0.1","0.0345","TRADE","1640999529297","2022-01-01","142","197396216","3","70.43","BTC-7JAN22-47000-C","46719.66","buy"
"1.3","0.0345","TRADE","1640999529286","2022-01-01","141","197396215","3","70.43","BTC-7JAN22-47000-C","46719.66","buy"
"1.9","0.0345","TRADE","1640999529247","2022-01-01","140","197396210","3","70.43","BTC-7JAN22-47000-C","46719.66","buy"
"1","0.014","TRADE","1640999527748","2022-01-01","907","197396202","0","72.59","BTC-7JAN22-50000-C","46718.8","buy"
"0.2","0.001","TRADE","1640999470716","2022-01-01","240","197396137","3","71.57","BTC-2JAN22-50000-C","46688.29","sell"
"1","0.036","TRADE","1640999466350","2022-01-01","2025","197396127","0","79.09","BTC-25MAR22-70000-C","46694.1","buy"
"1.1","0.0345","TRADE","1640999450615","2022-01-01","139","197396095","3","70.9","BTC-7JAN22-47000-C","46705.82","buy"
"1.7","0.0345","TRADE","1640999450167","2022-01-01","138","197396089","3","70.89","BTC-7JAN22-47000-C","46691.59","buy"
"0.1","0.0345","TRADE","1640999450012","2022-01-01","137","197396087","3","70.89","BTC-7JAN22-47000-C","46691.59","buy"
"1.1","0.0345","TRADE","1640999449997","2022-01-01","136","197396086","2","70.89","BTC-7JAN22-47000-C","46691.59","buy"
"0.6","0.0405","TRADE","1640999422107","2022-01-01","262","197396032","3","71.21","BTC-7JAN22-47000-P","46670.99","sell"
"3.4","0.0405","TRADE","1640999420991","2022-01-01","261","197396025","3","71.08","BTC-7JAN22-47000-P","46668.95","sell"
"1.1","0.0405","TRADE","1640999415636","2022-01-01","260","197396018","3","70.91","BTC-7JAN22-47000-P","46661.5","sell"
"1.2","0.0055","TRADE","1640999401826","2022-01-01","223","197396007","0","66.13","BTC-2JAN22-48000-C","46657.41","sell"
"0.1","0.011","TRADE","1640999358519","2022-01-01","278","197395982","0","71.66","BTC-14JAN22-54000-C","46647.47","sell"
"1.7","0.0405","TRADE","1640999304182","2022-01-01","259","197395966","3","70.63","BTC-7JAN22-47000-P","46647.21","sell"
"1.8","0.0405","TRADE","1640999294235","2022-01-01","258","197395953","3","70.35","BTC-7JAN22-47000-P","46640.63","sell"
"0.1","0.0405","TRADE","1640999294049","2022-01-01","257","197395952","3","70.35","BTC-7JAN22-47000-P","46634.11","sell"
"1.3","0.0405","TRADE","1640999294035","2022-01-01","256","197395950","2","70.35","BTC-7JAN22-47000-P","46634.11","sell"
"0.2","0.0045","TRADE","1640999200563","2022-01-01","234","197395878","2","85.49","BTC-25FEB22-90000-C","46595.66","sell"
"11.8","0.002","TRADE","1640999113063","2022-01-01","363","197395855","3","66.94","BTC-2JAN22-49000-C","46583.81","sell"
"6.1","0.002","TRADE","1640999113063","2022-01-01","362","197395854","3","66.94","BTC-2JAN22-49000-C","46583.81","sell"
"3.2","0.002","TRADE","1640999113063","2022-01-01","361","197395853","2","66.94","BTC-2JAN22-49000-C","46583.81","sell"
"1.2","0.0045","TRADE","1640999100057","2022-01-01","173","197395852","1","75.01","BTC-14JAN22-58000-C","46584.28","sell"
"1.2","0.0045","TRADE","1640999077433","2022-01-01","172","197395849","0","75.01","BTC-14JAN22-58000-C","46582.41","sell"
"1.3","0.0405","TRADE","1640999020967","2022-01-01","132","197395810","1","68.75","BTC-14JAN22-48000-C","46616.8","buy"
"1.7","0.0405","TRADE","1640999019632","2022-01-01","131","197395809","1","68.74","BTC-14JAN22-48000-C","46617.3","buy"
"2.2","0.0405","TRADE","1640999019615","2022-01-01","130","197395808","0","68.74","BTC-14JAN22-48000-C","46617.3","sell"
"0.7","0.0195","TRADE","1640998951180","2022-01-01","230","197395771","0","62.76","BTC-2JAN22-47000-P","46600.58","sell"
"0.8","0.001","TRADE","1640998939276","2022-01-01","239","197395738","3","72.61","BTC-2JAN22-50000-C","46619.3","sell"
"0.9","0.0135","TRADE","1640998914221","2022-01-01","610","197395729","2","85.04","BTC-25MAR22-90000-C","46614.51","sell"
"0.1","0.0295","TRADE","1640998906375","2022-01-01","529","197395727","2","69.94","BTC-7JAN22-46000-P","46630.1","buy"
"0.4","0.0025","TRADE","1640998897676","2022-01-01","185","197395717","3","66.97","BTC-1JAN22-46000-P","46646.05","buy"
"1","0.001","TRADE","1640998897600","2022-01-01","250","197395716","0","77.63","BTC-1JAN22-48000-C","46646.05","sell"
"0.1","0.08","TRADE","1640998879869","2022-01-01","15","197395708","0","75.37","BTC-30DEC22-30000-P","46652.8","buy"
"0.1","0.075","TRADE","1640998829043","2022-01-01","14","197395661","0","73.14","BTC-30DEC22-30000-P","46662.43","buy"
"0.1","0.001","TRADE","1641001171408","2022-01-01","424","197398074","1","92.29","BTC-7JAN22-60000-C","46778.87","buy"
"0.2","0.027","TRADE","1641001143613","2022-01-01","123","197398009","1","80.45","BTC-1JAN22-48000-P","46794.53","buy"
"0.6","0.027","TRADE","1641001143601","2022-01-01","122","197398008","0","80.45","BTC-1JAN22-48000-P","46794.53","buy"
"0.4","0.0045","TRADE","1641001143477","2022-01-01","141","197397996","2","59.76","BTC-1JAN22-47000-C","46794.53","sell"
"1.6","0.002","TRADE","1641001143312","2022-01-01","249","197397964","1","82.44","BTC-2JAN22-50000-C","46794.53","sell"
"0.5","0.026","TRADE","1641001118710","2022-01-01","121","197397758","0","71.24","BTC-1JAN22-48000-P","46823.26","buy"
"0.2","0.009","TRADE","1641001073709","2022-01-01","58","197397679","0","71.88","BTC-14JAN22-55000-C","46845.29","sell"
"1","0.0525","TRADE","1641001011558","2022-01-01","1017","197397648","1","71.01","BTC-28JAN22-50000-C","46875.73","buy"
"0.5","0.0525","TRADE","1641000846746","2022-01-01","1016","197397623","1","71.14","BTC-28JAN22-50000-C","46842.78","sell"
"2.5","0.09","TRADE","1641000763787","2022-01-01","343","197397565","1","72.93","BTC-25FEB22-50000-C","46830.59","buy"
"1","0.023","TRADE","1641000732546","2022-01-01","343","197397548","0","73.09","BTC-28JAN22-56000-C","46826.2","buy"
"0.1","0.11","TRADE","1641000627958","2022-01-01","3","197397504","2","77.7","BTC-30DEC22-100000-C","46808.88","sell"
"1","0.0395","TRADE","1641000487074","2022-01-01","336","197397443","0","71.24","BTC-28JAN22-52000-C","46797.99","sell"
"0.5","0.019","TRADE","1641000377752","2022-01-01","301","197397353","2","70","BTC-7JAN22-49000-C","46802.71","sell"
"1","0.0065","TRADE","1641000323758","2022-01-01","229","197397283","2","66.35","BTC-2JAN22-48000-C","46843.47","sell"
"0.4","0.0135","TRADE","1641000302482","2022-01-01","69","197397254","0","63.46","BTC-2JAN22-47000-C","46849.34","sell"
"14","0.002","TRADE","1641000266535","2022-01-01","248","197397205","1","81.44","BTC-2JAN22-50000-C","46825.96","sell"
"0.4","5.0E-4","TRADE","1641000264624","2022-01-01","184","197397196","3","96.82","BTC-1JAN22-49000-C","46836.9","sell"
"0.2","0.0195","TRADE","1641000257656","2022-01-01","300","197397186","1","70.95","BTC-7JAN22-49000-C","46838.7","sell"
"0.2","0.0195","TRADE","1641000191662","2022-01-01","299","197397151","1","70.78","BTC-7JAN22-49000-C","46835.16","sell"
"0.1","5.0E-4","TRADE","1641000169821","2022-01-01","183","197397122","3","96.72","BTC-1JAN22-49000-C","46825.91","sell"
"0.9","0.0255","TRADE","1641000164423","2022-01-01","120","197397103","2","75.99","BTC-1JAN22-48000-P","46864.29","buy"
"0.5","0.0055","TRADE","1641000164271","2022-01-01","140","197397100","0","62.15","BTC-1JAN22-47000-C","46864.29","sell"
"2.5","0.0175","TRADE","1641000152170","2022-01-01","289","197397089","0","78.25","BTC-25FEB22-70000-C","46869.09","sell"
"1","0.002","TRADE","1641000128889","2022-01-01","260","197397081","2","75.07","BTC-7JAN22-40000-P","46877.19","sell"
"1.7","0.002","TRADE","1641000089890","2022-01-01","247","197397015","1","79.96","BTC-2JAN22-50000-C","46888.49","sell"
"2.3","0.002","TRADE","1641000079846","2022-01-01","246","197396975","1","79.95","BTC-2JAN22-50000-C","46895.54","sell"
"0.5","5.0E-4","TRADE","1641000066357","2022-01-01","182","197396973","3","94.02","BTC-1JAN22-49000-C","46902.52","buy"
"1","0.0025","TRADE","1641000065673","2022-01-01","259","197396972","3","78.96","BTC-7JAN22-40000-P","46902.5","buy"
"2.3","0.002","TRADE","1641000058499","2022-01-01","245","197396969","1","79.87","BTC-2JAN22-50000-C","46903.76","sell"
"1","0.0015","TRADE","1641000053425","2022-01-01","251","197396958","0","76.7","BTC-1JAN22-48000-C","46907.17","buy"
"5.9","0.002","TRADE","1641000048629","2022-01-01","244","197396956","1","79.9","BTC-2JAN22-50000-C","46906.88","sell"
"14.2","0.002","TRADE","1641000048629","2022-01-01","243","197396955","1","79.9","BTC-2JAN22-50000-C","46906.88","sell"
"2.4","0.002","TRADE","1641000048613","2022-01-01","242","197396954","1","79.76","BTC-2JAN22-50000-C","46903.13","buy"
"33","0.002","TRADE","1641000048613","2022-01-01","241","197396953","0","79.76","BTC-2JAN22-50000-C","46903.13","buy"
"5","0.06","TRADE","1641000041696","2022-01-01","269","197396906","0","74.25","BTC-25FEB22-55000-C","46904.93","buy"
"0.1","0.0105","TRADE","1641000013149","2022-01-01","424","197396873","0","72.67","BTC-7JAN22-51000-C","46888.32","buy"
"0.8","0.007","TRADE","1640999943365","2022-01-01","228","197396830","1","68.02","BTC-2JAN22-48000-C","46863.72","buy"
"0.1","0.0875","TRADE","1640999888064","2022-01-01","544","197396718","2","70.5","BTC-28JAN22-48000-P","46860.47","buy"
"0.8","0.007","TRADE","1640999850525","2022-01-01","227","197396674","0","68.44","BTC-2JAN22-48000-C","46862.31","buy"
"3","0.0525","TRADE","1640999839181","2022-01-01","1015","197396618","0","71.07","BTC-28JAN22-50000-C","46851.31","buy"
"0.5","0.035","TRADE","1640999786043","2022-01-01","150","197396509","0","70.27","BTC-7JAN22-47000-C","46796.25","buy"
"0.1","0.0065","TRADE","1640999785309","2022-01-01","226","197396487","1","67.83","BTC-2JAN22-48000-C","46789.13","buy"
"0.4","0.0065","TRADE","1640999785294","2022-01-01","225","197396480","1","67.83","BTC-2JAN22-48000-C","46789.13","buy"
"0.9","0.0065","TRADE","1640999785277","2022-01-01","224","197396475","0","67.83","BTC-2JAN22-48000-C","46789.13","buy"
"11.9","0.0415","TRADE","1640999775728","2022-01-01","134","197396440","1","68.7","BTC-14JAN22-48000-C","46776.76","buy"
"1.2","0.0415","TRADE","1640999732400","2022-01-01","133","197396379","0","68.77","BTC-14JAN22-48000-C","46767.47","buy"
"0.8","0.0345","TRADE","1640999732256","2022-01-01","149","197396373","3","69.97","BTC-7JAN22-47000-C","46760.77","buy"
"1.8","0.0345","TRADE","1640999731749","2022-01-01","148","197396371","3","69.97","BTC-7JAN22-47000-C","46760.77","buy"
"1.7","0.0345","TRADE","1640999718279","2022-01-01","147","197396365","3","69.97","BTC-7JAN22-47000-C","46758.25","buy"
"1.2","0.0345","TRADE","1640999699945","2022-01-01","146","197396336","3","70.07","BTC-7JAN22-47000-C","46752.44","buy"
"1.2","0.0345","TRADE","1640999691906","2022-01-01","145","197396319","3","70.16","BTC-7JAN22-47000-C","46749.73","buy"
"1.1","0.0345","TRADE","1640999570276","2022-01-01","144","197396258","3","70.33","BTC-7JAN22-47000-C","46742.61","buy"
"1.9","0.0345","TRADE","1640999554601","2022-01-01","143","197396247","3","70.28","BTC-7JAN22-47000-C","46739.04","buy"
"1.4","0.018","TRADE","1640999532289","2022-01-01","73","197396229","0","70.59","BTC-1JAN22-46000-C","46730.25","buy"
"0.1","0.0345","TRADE","1640999529297","2022-01-01","142","197396216","3","70.43","BTC-7JAN22-47000-C","46719.66","buy"
"1.3","0.0345","TRADE","1640999529286","2022-01-01","141","197396215","3","70.43","BTC-7JAN22-47000-C","46719.66","buy"
"1.9","0.0345","TRADE","1640999529247","2022-01-01","140","197396210","3","70.43","BTC-7JAN22-47000-C","46719.66","buy"
"1","0.014","TRADE","1640999527748","2022-01-01","907","197396202","0","72.59","BTC-7JAN22-50000-C","46718.8","buy"
"0.2","0.001","TRADE","1640999470716","2022-01-01","240","197396137","3","71.57","BTC-2JAN22-50000-C","46688.29","sell"
"1","0.036","TRADE","1640999466350","2022-01-01","2025","197396127","0","79.09","BTC-25MAR22-70000-C","46694.1","buy"
"1.1","0.0345","TRADE","1640999450615","2022-01-01","139","197396095","3","70.9","BTC-7JAN22-47000-C","46705.82","buy"
"1.7","0.0345","TRADE","1640999450167","2022-01-01","138","197396089","3","70.89","BTC-7JAN22-47000-C","46691.59","buy"
"0.1","0.0345","TRADE","1640999450012","2022-01-01","137","197396087","3","70.89","BTC-7JAN22-47000-C","46691.59","buy"
"1.1","0.0345","TRADE","1640999449997","2022-01-01","136","197396086","2","70.89","BTC-7JAN22-47000-C","46691.59","buy"
"0.6","0.0405","TRADE","1640999422107","2022-01-01","262","197396032","3","71.21","BTC-7JAN22-47000-P","46670.99","sell"
"3.4","0.0405","TRADE","1640999420991","2022-01-01","261","197396025","3","71.08","BTC-7JAN22-47000-P","46668.95","sell"
"1.1","0.0405","TRADE","1640999415636","2022-01-01","260","197396018","3","70.91","BTC-7JAN22-47000-P","46661.5","sell"
"1.2","0.0055","TRADE","1640999401826","2022-01-01","223","197396007","0","66.13","BTC-2JAN22-48000-C","46657.41","sell"
"0.1","0.011","TRADE","1640999358519","2022-01-01","278","197395982","0","71.66","BTC-14JAN22-54000-C","46647.47","sell"
"1.7","0.0405","TRADE","1640999304182","2022-01-01","259","197395966","3","70.63","BTC-7JAN22-47000-P","46647.21","sell"
"1.8","0.0405","TRADE","1640999294235","2022-01-01","258","197395953","3","70.35","BTC-7JAN22-47000-P","46640.63","sell"
"0.1","0.0405","TRADE","1640999294049","2022-01-01","257","197395952","3","70.35","BTC-7JAN22-47000-P","46634.11","sell"
"1.3","0.0405","TRADE","1640999294035","2022-01-01","256","197395950","2","70.35","BTC-7JAN22-47000-P","46634.11","sell"
"0.2","0.0045","TRADE","1640999200563","2022-01-01","234","197395878","2","85.49","BTC-25FEB22-90000-C","46595.66","sell"
"11.8","0.002","TRADE","1640999113063","2022-01-01","363","197395855","3","66.94","BTC-2JAN22-49000-C","46583.81","sell"
"6.1","0.002","TRADE","1640999113063","2022-01-01","362","197395854","3","66.94","BTC-2JAN22-49000-C","46583.81","sell"
"3.2","0.002","TRADE","1640999113063","2022-01-01","361","197395853","2","66.94","BTC-2JAN22-49000-C","46583.81","sell"
"1.2","0.0045","TRADE","1640999100057","2022-01-01","173","197395852","1","75.01","BTC-14JAN22-58000-C","46584.28","sell"
"1.2","0.0045","TRADE","1640999077433","2022-01-01","172","197395849","0","75.01","BTC-14JAN22-58000-C","46582.41","sell"
"1.3","0.0405","TRADE","1640999020967","2022-01-01","132","197395810","1","68.75","BTC-14JAN22-48000-C","46616.8","buy"
"1.7","0.0405","TRADE","1640999019632","2022-01-01","131","197395809","1","68.74","BTC-14JAN22-48000-C","46617.3","buy"
"2.2","0.0405","TRADE","1640999019615","2022-01-01","130","197395808","0","68.74","BTC-14JAN22-48000-C","46617.3","sell"
"0.7","0.0195","TRADE","1640998951180","2022-01-01","230","197395771","0","62.76","BTC-2JAN22-47000-P","46600.58","sell"
"0.8","0.001","TRADE","1640998939276","2022-01-01","239","197395738","3","72.61","BTC-2JAN22-50000-C","46619.3","sell"
"0.9","0.0135","TRADE","1640998914221","2022-01-01","610","197395729","2","85.04","BTC-25MAR22-90000-C","46614.51","sell"
"0.1","0.0295","TRADE","1640998906375","2022-01-01","529","197395727","2","69.94","BTC-7JAN22-46000-P","46630.1","buy"
"0.4","0.0025","TRADE","1640998897676","2022-01-01","185","197395717","3","66.97","BTC-1JAN22-46000-P","46646.05","buy"
"1","0.001","TRADE","1640998897600","2022-01-01","250","197395716","0","77.63","BTC-1JAN22-48000-C","46646.05","sell"
"0.1","0.08","TRADE","1640998879869","2022-01-01","15","197395708","0","75.37","BTC-30DEC22-30000-P","46652.8","buy"
"0.1","0.075","TRADE","1640998829043","2022-01-01","14","197395661","0","73.14","BTC-30DEC22-30000-P","46662.43","buy"
"0.2","0.0225","TRADE","1641002369008","2022-01-01","345","197399126","3","72.56","BTC-28JAN22-56000-C","46796.39","sell"
"0.7","0.135","TRADE","1641002305403","2022-01-01","113","197399106","1","72.1","BTC-25FEB22-45000-C","46766.31","sell"
"1","0.135","TRADE","1641002294673","2022-01-01","112","197399105","1","72.1","BTC-25FEB22-45000-C","46766.96","sell"
"0.8","0.135","TRADE","1641002285423","2022-01-01","111","197399098","1","72.03","BTC-25FEB22-45000-C","46778.23","sell"
"0.7","0.014","TRADE","1641002276466","2022-01-01","33","197399069","0","71.54","BTC-21JAN22-56000-C","46779.63","sell"
"1","0.0165","TRADE","1641002102759","2022-01-01","232","197399030","3","61.68","BTC-2JAN22-47000-P","46804.58","buy"
"9","0.0165","TRADE","1641002102659","2022-01-01","231","197399029","2","61.68","BTC-2JAN22-47000-P","46804.58","sell"
"1.2","0.021","TRADE","1641001953646","2022-01-01","2771","197398900","3","81.24","BTC-25MAR22-80000-C","46846.84","sell"
"1.1","0.038","TRADE","1641001953028","2022-01-01","264","197398866","3","70.47","BTC-7JAN22-47000-P","46854.92","sell"
"0.1","0.0065","TRADE","1641001951018","2022-01-01","1098","197398848","1","76.51","BTC-28JAN22-65000-C","46855.25","sell"
"1.4","0.038","TRADE","1641001942100","2022-01-01","263","197398843","2","70.41","BTC-7JAN22-47000-P","46849.31","sell"
"2","0.003","TRADE","1641001936049","2022-01-01","364","197398829","0","70.51","BTC-2JAN22-49000-C","46845.62","sell"
"0.8","0.0025","TRADE","1641001909434","2022-01-01","331","197398821","1","76.51","BTC-7JAN22-55000-C","46804.89","buy"
"1.2","0.0025","TRADE","1641001907978","2022-01-01","330","197398793","1","76.52","BTC-7JAN22-55000-C","46798.47","buy"
"1.7","0.021","TRADE","1641001880603","2022-01-01","2770","197398782","3","81.37","BTC-25MAR22-80000-C","46782.66","sell"
"2.2","0.0015","TRADE","1641001817962","2022-01-01","359","197398748","2","110.97","BTC-25MAR22-15000-P","46766.16","sell"
"1","0.017","TRADE","1641001764270","2022-01-01","290","197398702","2","78.13","BTC-25FEB22-70000-C","46755.99","sell"
"0.1","0.004","TRADE","1641001663920","2022-01-01","144","197398596","3","60.74","BTC-1JAN22-47000-C","46736.35","buy"
"0.1","0.002","TRADE","1641001636276","2022-01-01","253","197398563","1","83.79","BTC-2JAN22-50000-C","46733.9","sell"
"19.8","0.002","TRADE","1641001636274","2022-01-01","252","197398562","1","83.79","BTC-2JAN22-50000-C","46733.9","sell"
"1.7","0.002","TRADE","1641001591484","2022-01-01","251","197398476","1","83.12","BTC-2JAN22-50000-C","46770.27","sell"
"5","5.0E-4","TRADE","1641001562281","2022-01-01","252","197398433","2","64.35","BTC-1JAN22-48000-C","46771.8","sell"
"0.1","0.003","TRADE","1641001522314","2022-01-01","609","197398432","0","72.82","BTC-7JAN22-54000-C","46771.4","sell"
"1.5","0.004","TRADE","1641001439929","2022-01-01","143","197398407","3","57.45","BTC-1JAN22-47000-C","46769.08","sell"
"2","0.004","TRADE","1641001416070","2022-01-01","142","197398405","2","57.61","BTC-1JAN22-47000-C","46767.93","sell"
"0.6","0.135","TRADE","1641001402824","2022-01-01","110","197398403","1","72.39","BTC-25FEB22-45000-C","46768.32","sell"
"1.9","0.135","TRADE","1641001401602","2022-01-01","109","197398402","1","72.39","BTC-25FEB22-45000-C","46767.61","sell"
"0.1","5.0E-4","TRADE","1641001341787","2022-01-01","427","197398343","2","83.66","BTC-7JAN22-60000-C","46761.16","sell"
"0.1","0.001","TRADE","1641001339502","2022-01-01","312","197398342","2","81.72","BTC-7JAN22-58000-C","46761.17","buy"
"0.1","0.001","TRADE","1641001282159","2022-01-01","426","197398254","0","92.26","BTC-7JAN22-60000-C","46781.43","buy"
"0.1","0.0015","TRADE","1641001282115","2022-01-01","311","197398253","0","87.32","BTC-7JAN22-58000-C","46781.43","buy"
"0.1","0.017","TRADE","1641001278157","2022-01-01","455","197398252","1","73.49","BTC-28JAN22-58000-C","46781.4","sell"
"0.1","0.017","TRADE","1641001278157","2022-01-01","454","197398251","1","73.49","BTC-28JAN22-58000-C","46781.4","sell"
"0.2","0.013","TRADE","1641001271200","2022-01-01","1234","197398250","1","74.6","BTC-28JAN22-60000-C","46781.52","sell"
"2","0.0225","TRADE","1641001256096","2022-01-01","344","197398245","2","72.67","BTC-28JAN22-56000-C","46772.32","sell"
"1","0.002","TRADE","1641001230139","2022-01-01","250","197398178","1","82.76","BTC-2JAN22-50000-C","46781.51","sell"
"0.2","5.0E-4","TRADE","1641001217609","2022-01-01","425","197398172","2","83.57","BTC-7JAN22-60000-C","46787.16","sell"
"0.1","0.001","TRADE","1641001171408","2022-01-01","424","197398074","1","92.29","BTC-7JAN22-60000-C","46778.87","buy"
"0.2","0.027","TRADE","1641001143613","2022-01-01","123","197398009","1","80.45","BTC-1JAN22-48000-P","46794.53","buy"
"0.6","0.027","TRADE","1641001143601","2022-01-01","122","197398008","0","80.45","BTC-1JAN22-48000-P","46794.53","buy"
"0.4","0.0045","TRADE","1641001143477","2022-01-01","141","197397996","2","59.76","BTC-1JAN22-47000-C","46794.53","sell"
"1.6","0.002","TRADE","1641001143312","2022-01-01","249","197397964","1","82.44","BTC-2JAN22-50000-C","46794.53","sell"
"0.5","0.026","TRADE","1641001118710","2022-01-01","121","197397758","0","71.24","BTC-1JAN22-48000-P","46823.26","buy"
"0.2","0.009","TRADE","1641001073709","2022-01-01","58","197397679","0","71.88","BTC-14JAN22-55000-C","46845.29","sell"
"1","0.0525","TRADE","1641001011558","2022-01-01","1017","197397648","1","71.01","BTC-28JAN22-50000-C","46875.73","buy"
"0.5","0.0525","TRADE","1641000846746","2022-01-01","1016","197397623","1","71.14","BTC-28JAN22-50000-C","46842.78","sell"
"2.5","0.09","TRADE","1641000763787","2022-01-01","343","197397565","1","72.93","BTC-25FEB22-50000-C","46830.59","buy"
"1","0.023","TRADE","1641000732546","2022-01-01","343","197397548","0","73.09","BTC-28JAN22-56000-C","46826.2","buy"
"0.1","0.11","TRADE","1641000627958","2022-01-01","3","197397504","2","77.7","BTC-30DEC22-100000-C","46808.88","sell"
"1","0.0395","TRADE","1641000487074","2022-01-01","336","197397443","0","71.24","BTC-28JAN22-52000-C","46797.99","sell"
"0.5","0.019","TRADE","1641000377752","2022-01-01","301","197397353","2","70","BTC-7JAN22-49000-C","46802.71","sell"
"1","0.0065","TRADE","1641000323758","2022-01-01","229","197397283","2","66.35","BTC-2JAN22-48000-C","46843.47","sell"
"0.4","0.0135","TRADE","1641000302482","2022-01-01","69","197397254","0","63.46","BTC-2JAN22-47000-C","46849.34","sell"
"14","0.002","TRADE","1641000266535","2022-01-01","248","197397205","1","81.44","BTC-2JAN22-50000-C","46825.96","sell"
"0.4","5.0E-4","TRADE","1641000264624","2022-01-01","184","197397196","3","96.82","BTC-1JAN22-49000-C","46836.9","sell"
"0.2","0.0195","TRADE","1641000257656","2022-01-01","300","197397186","1","70.95","BTC-7JAN22-49000-C","46838.7","sell"
"0.2","0.0195","TRADE","1641000191662","2022-01-01","299","197397151","1","70.78","BTC-7JAN22-49000-C","46835.16","sell"
"0.1","5.0E-4","TRADE","1641000169821","2022-01-01","183","197397122","3","96.72","BTC-1JAN22-49000-C","46825.91","sell"
"0.9","0.0255","TRADE","1641000164423","2022-01-01","120","197397103","2","75.99","BTC-1JAN22-48000-P","46864.29","buy"
"0.5","0.0055","TRADE","1641000164271","2022-01-01","140","197397100","0","62.15","BTC-1JAN22-47000-C","46864.29","sell"
"2.5","0.0175","TRADE","1641000152170","2022-01-01","289","197397089","0","78.25","BTC-25FEB22-70000-C","46869.09","sell"
"1","0.002","TRADE","1641000128889","2022-01-01","260","197397081","2","75.07","BTC-7JAN22-40000-P","46877.19","sell"
"1.7","0.002","TRADE","1641000089890","2022-01-01","247","197397015","1","79.96","BTC-2JAN22-50000-C","46888.49","sell"
"2.3","0.002","TRADE","1641000079846","2022-01-01","246","197396975","1","79.95","BTC-2JAN22-50000-C","46895.54","sell"
"0.5","5.0E-4","TRADE","1641000066357","2022-01-01","182","197396973","3","94.02","BTC-1JAN22-49000-C","46902.52","buy"
"1","0.0025","TRADE","1641000065673","2022-01-01","259","197396972","3","78.96","BTC-7JAN22-40000-P","46902.5","buy"
"2.3","0.002","TRADE","1641000058499","2022-01-01","245","197396969","1","79.87","BTC-2JAN22-50000-C","46903.76","sell"
"1","0.0015","TRADE","1641000053425","2022-01-01","251","197396958","0","76.7","BTC-1JAN22-48000-C","46907.17","buy"
"5.9","0.002","TRADE","1641000048629","2022-01-01","244","197396956","1","79.9","BTC-2JAN22-50000-C","46906.88","sell"
"14.2","0.002","TRADE","1641000048629","2022-01-01","243","197396955","1","79.9","BTC-2JAN22-50000-C","46906.88","sell"
"2.4","0.002","TRADE","1641000048613","2022-01-01","242","197396954","1","79.76","BTC-2JAN22-50000-C","46903.13","buy"
"33","0.002","TRADE","1641000048613","2022-01-01","241","197396953","0","79.76","BTC-2JAN22-50000-C","46903.13","buy"
"5","0.06","TRADE","1641000041696","2022-01-01","269","197396906","0","74.25","BTC-25FEB22-55000-C","46904.93","buy"
"0.1","0.0105","TRADE","1641000013149","2022-01-01","424","197396873","0","72.67","BTC-7JAN22-51000-C","46888.32","buy"
"0.8","0.007","TRADE","1640999943365","2022-01-01","228","197396830","1","68.02","BTC-2JAN22-48000-C","46863.72","buy"
"0.1","0.0875","TRADE","1640999888064","2022-01-01","544","197396718","2","70.5","BTC-28JAN22-48000-P","46860.47","buy"
"0.8","0.007","TRADE","1640999850525","2022-01-01","227","197396674","0","68.44","BTC-2JAN22-48000-C","46862.31","buy"
"3","0.0525","TRADE","1640999839181","2022-01-01","1015","197396618","0","71.07","BTC-28JAN22-50000-C","46851.31","buy"
"0.5","0.035","TRADE","1640999786043","2022-01-01","150","197396509","0","70.27","BTC-7JAN22-47000-C","46796.25","buy"
"0.1","0.0065","TRADE","1640999785309","2022-01-01","226","197396487","1","67.83","BTC-2JAN22-48000-C","46789.13","buy"
"0.4","0.0065","TRADE","1640999785294","2022-01-01","225","197396480","1","67.83","BTC-2JAN22-48000-C","46789.13","buy"
"0.9","0.0065","TRADE","1640999785277","2022-01-01","224","197396475","0","67.83","BTC-2JAN22-48000-C","46789.13","buy"
"11.9","0.0415","TRADE","1640999775728","2022-01-01","134","197396440","1","68.7","BTC-14JAN22-48000-C","46776.76","buy"
"1.2","0.0415","TRADE","1640999732400","2022-01-01","133","197396379","0","68.77","BTC-14JAN22-48000-C","46767.47","buy"
"0.8","0.0345","TRADE","1640999732256","2022-01-01","149","197396373","3","69.97","BTC-7JAN22-47000-C","46760.77","buy"
"1.8","0.0345","TRADE","1640999731749","2022-01-01","148","197396371","3","69.97","BTC-7JAN22-47000-C","46760.77","buy"
"1.7","0.0345","TRADE","1640999718279","2022-01-01","147","197396365","3","69.97","BTC-7JAN22-47000-C","46758.25","buy"
"1.2","0.0345","TRADE","1640999699945","2022-01-01","146","197396336","3","70.07","BTC-7JAN22-47000-C","46752.44","buy"
"1.2","0.0345","TRADE","1640999691906","2022-01-01","145","197396319","3","70.16","BTC-7JAN22-47000-C","46749.73","buy"
"1.1","0.0345","TRADE","1640999570276","2022-01-01","144","197396258","3","70.33","BTC-7JAN22-47000-C","46742.61","buy"
"1.9","0.0345","TRADE","1640999554601","2022-01-01","143","197396247","3","70.28","BTC-7JAN22-47000-C","46739.04","buy"
"1.4","0.018","TRADE","1640999532289","2022-01-01","73","197396229","0","70.59","BTC-1JAN22-46000-C","46730.25","buy"
"0.1","0.0345","TRADE","1640999529297","2022-01-01","142","197396216","3","70.43","BTC-7JAN22-47000-C","46719.66","buy"
"1.3","0.0345","TRADE","1640999529286","2022-01-01","141","197396215","3","70.43","BTC-7JAN22-47000-C","46719.66","buy"
"1.9","0.0345","TRADE","1640999529247","2022-01-01","140","197396210","3","70.43","BTC-7JAN22-47000-C","46719.66","buy"
"1","0.014","TRADE","1640999527748","2022-01-01","907","197396202","0","72.59","BTC-7JAN22-50000-C","46718.8","buy"
"0.2","0.001","TRADE","1640999470716","2022-01-01","240","197396137","3","71.57","BTC-2JAN22-50000-C","46688.29","sell"
"1","0.036","TRADE","1640999466350","2022-01-01","2025","197396127","0","79.09","BTC-25MAR22-70000-C","46694.1","buy"
"1.1","0.0345","TRADE","1640999450615","2022-01-01","139","197396095","3","70.9","BTC-7JAN22-47000-C","46705.82","buy"
"1.7","0.0345","TRADE","1640999450167","2022-01-01","138","197396089","3","70.89","BTC-7JAN22-47000-C","46691.59","buy"
"0.2","0.0225","TRADE","1641002369008","2022-01-01","345","197399126","3","72.56","BTC-28JAN22-56000-C","46796.39","sell"
"0.7","0.135","TRADE","1641002305403","2022-01-01","113","197399106","1","72.1","BTC-25FEB22-45000-C","46766.31","sell"
"1","0.135","TRADE","1641002294673","2022-01-01","112","197399105","1","72.1","BTC-25FEB22-45000-C","46766.96","sell"
"0.8","0.135","TRADE","1641002285423","2022-01-01","111","197399098","1","72.03","BTC-25FEB22-45000-C","46778.23","sell"
"0.7","0.014","TRADE","1641002276466","2022-01-01","33","197399069","0","71.54","BTC-21JAN22-56000-C","46779.63","sell"
"1","0.0165","TRADE","1641002102759","2022-01-01","232","197399030","3","61.68","BTC-2JAN22-47000-P","46804.58","buy"
"9","0.0165","TRADE","1641002102659","2022-01-01","231","197399029","2","61.68","BTC-2JAN22-47000-P","46804.58","sell"
"1.2","0.021","TRADE","1641001953646","2022-01-01","2771","197398900","3","81.24","BTC-25MAR22-80000-C","46846.84","sell"
"1.1","0.038","TRADE","1641001953028","2022-01-01","264","197398866","3","70.47","BTC-7JAN22-47000-P","46854.92","sell"
"0.1","0.0065","TRADE","1641001951018","2022-01-01","1098","197398848","1","76.51","BTC-28JAN22-65000-C","46855.25","sell"
"1.4","0.038","TRADE","1641001942100","2022-01-01","263","197398843","2","70.41","BTC-7JAN22-47000-P","46849.31","sell"
"2","0.003","TRADE","1641001936049","2022-01-01","364","197398829","0","70.51","BTC-2JAN22-49000-C","46845.62","sell"
"0.8","0.0025","TRADE","1641001909434","2022-01-01","331","197398821","1","76.51","BTC-7JAN22-55000-C","46804.89","buy"
"1.2","0.0025","TRADE","1641001907978","2022-01-01","330","197398793","1","76.52","BTC-7JAN22-55000-C","46798.47","buy"
"1.7","0.021","TRADE","1641001880603","2022-01-01","2770","197398782","3","81.37","BTC-25MAR22-80000-C","46782.66","sell"
"2.2","0.0015","TRADE","1641001817962","2022-01-01","359","197398748","2","110.97","BTC-25MAR22-15000-P","46766.16","sell"
"1","0.017","TRADE","1641001764270","2022-01-01","290","197398702","2","78.13","BTC-25FEB22-70000-C","46755.99","sell"
"0.1","0.004","TRADE","1641001663920","2022-01-01","144","197398596","3","60.74","BTC-1JAN22-47000-C","46736.35","buy"
"0.1","0.002","TRADE","1641001636276","2022-01-01","253","197398563","1","83.79","BTC-2JAN22-50000-C","46733.9","sell"
"19.8","0.002","TRADE","1641001636274","2022-01-01","252","197398562","1","83.79","BTC-2JAN22-50000-C","46733.9","sell"
"1.7","0.002","TRADE","1641001591484","2022-01-01","251","197398476","1","83.12","BTC-2JAN22-50000-C","46770.27","sell"
"5","5.0E-4","TRADE","1641001562281","2022-01-01","252","197398433","2","64.35","BTC-1JAN22-48000-C","46771.8","sell"
"0.1","0.003","TRADE","1641001522314","2022-01-01","609","197398432","0","72.82","BTC-7JAN22-54000-C","46771.4","sell"
"1.5","0.004","TRADE","1641001439929","2022-01-01","143","197398407","3","57.45","BTC-1JAN22-47000-C","46769.08","sell"
"2","0.004","TRADE","1641001416070","2022-01-01","142","197398405","2","57.61","BTC-1JAN22-47000-C","46767.93","sell"
"0.6","0.135","TRADE","1641001402824","2022-01-01","110","197398403","1","72.39","BTC-25FEB22-45000-C","46768.32","sell"
"1.9","0.135","TRADE","1641001401602","2022-01-01","109","197398402","1","72.39","BTC-25FEB22-45000-C","46767.61","sell"
"0.1","5.0E-4","TRADE","1641001341787","2022-01-01","427","197398343","2","83.66","BTC-7JAN22-60000-C","46761.16","sell"
"0.1","0.001","TRADE","1641001339502","2022-01-01","312","197398342","2","81.72","BTC-7JAN22-58000-C","46761.17","buy"
"0.1","0.001","TRADE","1641001282159","2022-01-01","426","197398254","0","92.26","BTC-7JAN22-60000-C","46781.43","buy"
"0.2","0.0225","TRADE","1641002369008","2022-01-01","345","197399126","3","72.56","BTC-28JAN22-56000-C","46796.39","sell"
"0.1","0.0115","TRADE","1641003583864","2022-01-01","431","197399757","1","75.28","BTC-7JAN22-51000-C","46909.8","buy"
"1.9","0.0125","TRADE","1641003496774","2022-01-01","282","197399724","1","73.09","BTC-14JAN22-54000-C","46904.33","sell"
"9.1","0.0125","TRADE","1641003496770","2022-01-01","281","197399723","1","73.09","BTC-14JAN22-54000-C","46904.33","buy"
"7.3","0.0125","TRADE","1641003496770","2022-01-01","280","197399722","1","73.09","BTC-14JAN22-54000-C","46904.33","buy"
"1.7","0.0125","TRADE","1641003496770","2022-01-01","279","197399721","0","73.09","BTC-14JAN22-54000-C","46904.33","buy"
"2.1","0.09","TRADE","1641003465256","2022-01-01","347","197399720","1","72.54","BTC-25FEB22-50000-C","46905.43","buy"
"6.8","0.0115","TRADE","1641003464553","2022-01-01","430","197399718","1","75.48","BTC-7JAN22-51000-C","46905.51","buy"
"12","0.0115","TRADE","1641003464553","2022-01-01","429","197399717","1","75.48","BTC-7JAN22-51000-C","46905.51","buy"
"26","0.0115","TRADE","1641003464553","2022-01-01","428","197399716","1","75.48","BTC-7JAN22-51000-C","46905.51","buy"
"1.7","0.0115","TRADE","1641003464553","2022-01-01","427","197399715","1","75.48","BTC-7JAN22-51000-C","46905.51","buy"
"1.2","0.0115","TRADE","1641003464553","2022-01-01","426","197399714","0","75.48","BTC-7JAN22-51000-C","46905.51","buy"
"2.3","0.011","TRADE","1641003464553","2022-01-01","425","197399713","0","74.16","BTC-7JAN22-51000-C","46905.51","buy"
"11.9","0.008","TRADE","1641003448547","2022-01-01","733","197399707","1","75.27","BTC-7JAN22-52000-C","46905.67","buy"
"2","0.008","TRADE","1641003448547","2022-01-01","732","197399706","1","75.27","BTC-7JAN22-52000-C","46905.67","buy"
"2.7","0.008","TRADE","1641003448547","2022-01-01","731","197399705","1","75.27","BTC-7JAN22-52000-C","46905.67","buy"
"7.3","0.008","TRADE","1641003448547","2022-01-01","730","197399704","1","75.27","BTC-7JAN22-52000-C","46905.67","buy"
"0.1","0.008","TRADE","1641003448547","2022-01-01","729","197399703","0","75.27","BTC-7JAN22-52000-C","46905.67","buy"
"2","0.0525","TRADE","1641003430249","2022-01-01","14","197399696","1","69.37","BTC-14JAN22-47000-C","46894.16","sell"
"0.1","0.0015","TRADE","1641003415324","2022-01-01","255","197399695","1","83.3","BTC-1JAN22-48000-C","46894.46","buy"
"0.1","0.0015","TRADE","1641003412824","2022-01-01","254","197399694","0","83.29","BTC-1JAN22-48000-C","46895.2","buy"
"0.7","0.0625","TRADE","1641003357957","2022-01-01","42","197399680","1","68.5","BTC-14JAN22-46000-C","46882.6","buy"
"0.4","0.09","TRADE","1641003346250","2022-01-01","346","197399668","1","72.57","BTC-25FEB22-50000-C","46888.52","buy"
"0.9","0.09","TRADE","1641003346250","2022-01-01","345","197399667","1","72.57","BTC-25FEB22-50000-C","46888.52","buy"
"1.2","0.0625","TRADE","1641003345872","2022-01-01","41","197399658","1","68.47","BTC-14JAN22-46000-C","46888.52","buy"
"1.6","0.09","TRADE","1641003345085","2022-01-01","344","197399657","1","72.58","BTC-25FEB22-50000-C","46886.01","buy"
"0.1","0.0625","TRADE","1641003341335","2022-01-01","40","197399647","1","68.65","BTC-14JAN22-46000-C","46878.23","buy"
"5.5","0.0625","TRADE","1641003341333","2022-01-01","39","197399646","1","68.65","BTC-14JAN22-46000-C","46878.23","buy"
"1.3","0.0625","TRADE","1641003336206","2022-01-01","38","197399641","1","68.81","BTC-14JAN22-46000-C","46868.74","buy"
"1.2","0.0625","TRADE","1641003334586","2022-01-01","37","197399626","0","68.94","BTC-14JAN22-46000-C","46859.33","buy"
"0.2","0.0525","TRADE","1641003279673","2022-01-01","13","197399603","1","70.06","BTC-14JAN22-47000-C","46841.59","buy"
"1.8","0.0525","TRADE","1641003279673","2022-01-01","12","197399602","0","70.06","BTC-14JAN22-47000-C","46841.59","buy"
"0.7","0.052","TRADE","1641003278790","2022-01-01","11","197399601","1","69.37","BTC-14JAN22-47000-C","46844.14","sell"
"1.3","0.052","TRADE","1641003278699","2022-01-01","10","197399599","0","69.37","BTC-14JAN22-47000-C","46844.14","sell"
"2","0.0025","TRADE","1641003205407","2022-01-01","365","197399591","2","67.05","BTC-2JAN22-49000-C","46842.04","sell"
"2","0.001","TRADE","1641003133049","2022-01-01","255","197399572","3","70.06","BTC-2JAN22-50000-C","46841.01","sell"
"0.1","0.0145","TRADE","1641002945428","2022-01-01","35","197399415","0","72.09","BTC-21JAN22-56000-C","46844.84","sell"
"0.3","0.004","TRADE","1641002926377","2022-01-01","145","197399414","3","53.47","BTC-1JAN22-47000-C","46840.58","sell"
"3.1","5.0E-4","TRADE","1641002920398","2022-01-01","429","197399410","3","83.31","BTC-7JAN22-60000-C","46847.64","sell"
"1.9","5.0E-4","TRADE","1641002920398","2022-01-01","428","197399409","3","83.31","BTC-7JAN22-60000-C","46847.64","sell"
"0.1","0.038","TRADE","1641002854276","2022-01-01","267","197399392","3","70.47","BTC-7JAN22-47000-P","46843.51","sell"
"1","0.038","TRADE","1641002842999","2022-01-01","266","197399385","3","70.46","BTC-7JAN22-47000-P","46837.04","sell"
"1.4","0.038","TRADE","1641002839836","2022-01-01","265","197399377","3","70.39","BTC-7JAN22-47000-P","46832.8","sell"
"1.4","0.0425","TRADE","1641002839546","2022-01-01","138","197399376","1","69.3","BTC-14JAN22-48000-C","46829.47","buy"
"1","5.0E-4","TRADE","1641002827093","2022-01-01","5","197399370","3","79.95","BTC-21JAN22-75000-C","46828.91","sell"
"0.1","0.017","TRADE","1641002822857","2022-01-01","458","197399361","1","73.37","BTC-28JAN22-58000-C","46824.9","sell"
"1","5.0E-4","TRADE","1641002806512","2022-01-01","4","197399360","3","79.94","BTC-21JAN22-75000-C","46827.56","sell"
"1.3","0.0425","TRADE","1641002796066","2022-01-01","137","197399359","1","69.39","BTC-14JAN22-48000-C","46813.64","buy"
"1","5.0E-4","TRADE","1641002774988","2022-01-01","3","197399349","2","79.99","BTC-21JAN22-75000-C","46805.05","sell"
"1.7","0.0165","TRADE","1641002762898","2022-01-01","233","197399343","3","62.19","BTC-2JAN22-47000-P","46814.19","buy"
"1","0.001","TRADE","1641002715014","2022-01-01","254","197399287","2","70.41","BTC-2JAN22-50000-C","46816.18","sell"
"1","5.0E-4","TRADE","1641002688331","2022-01-01","253","197399261","3","64.36","BTC-1JAN22-48000-C","46813.15","sell"
"0.2","0.038","TRADE","1641002679464","2022-01-01","453","197399259","2","74.75","BTC-25FEB22-60000-C","46810.4","sell"
"0.1","0.169","TRADE","1641002649863","2022-01-01","2115","197399256","2","73.56","BTC-25MAR22-50000-P","46811.54","sell"
"0.1","0.1195","TRADE","1641002649328","2022-01-01","2244","197399254","0","73.59","BTC-25MAR22-50000-C","46811.54","sell"
"0.1","0.004","TRADE","1641002632677","2022-01-01","1540","197399252","3","81.45","BTC-28JAN22-70000-C","46810.38","sell"
"0.4","0.013","TRADE","1641002615035","2022-01-01","1236","197399250","1","74.52","BTC-28JAN22-60000-C","46807.99","buy"
"2.6","0.013","TRADE","1641002608667","2022-01-01","1235","197399248","1","74.53","BTC-28JAN22-60000-C","46805.92","sell"
"0.4","0.014","TRADE","1641002577568","2022-01-01","34","197399201","1","71.47","BTC-21JAN22-56000-C","46800.88","sell"
"0.3","0.039","TRADE","1641002539624","2022-01-01","337","197399199","2","70.76","BTC-28JAN22-52000-C","46800.34","sell"
"2.1","0.017","TRADE","1641002492511","2022-01-01","457","197399178","1","73.46","BTC-28JAN22-58000-C","46788.5","buy"
"2.9","0.017","TRADE","1641002492007","2022-01-01","456","197399177","1","73.44","BTC-28JAN22-58000-C","46793","sell"
"7.3","0.0425","TRADE","1641002491123","2022-01-01","136","197399174","1","69.89","BTC-14JAN22-48000-C","46793","buy"
"2.7","0.0425","TRADE","1641002491123","2022-01-01","135","197399173","0","69.89","BTC-14JAN22-48000-C","46793","buy"
"5.5","0.035","TRADE","1641002484775","2022-01-01","24","197399167","1","70.45","BTC-14JAN22-49000-C","46801.33","buy"
"1.8","0.035","TRADE","1641002484775","2022-01-01","23","197399166","1","70.45","BTC-14JAN22-49000-C","46801.33","buy"
"2.7","0.035","TRADE","1641002484775","2022-01-01","22","197399165","0","70.45","BTC-14JAN22-49000-C","46801.33","buy"
"5.2","0.0285","TRADE","1641002478054","2022-01-01","228","197399164","1","70.87","BTC-14JAN22-50000-C","46801.17","buy"
"2.7","0.0285","TRADE","1641002478054","2022-01-01","227","197399163","1","70.87","BTC-14JAN22-50000-C","46801.17","buy"
"2.1","0.0285","TRADE","1641002478054","2022-01-01","226","197399162","0","70.87","BTC-14JAN22-50000-C","46801.17","buy"
"0.1","0.039","TRADE","1641002476803","2022-01-01","452","197399161","0","75.61","BTC-25FEB22-60000-C","46800.24","sell"
"0.1","0.087","TRADE","1641004757092","2022-01-01","545","197400454","2","68.69","BTC-28JAN22-48000-P","46748.38","sell"
"1.8","0.0035","TRADE","1641004757080","2022-01-01","146","197400453","2","59","BTC-1JAN22-47000-C","46748.38","buy"
"1.2","0.0285","TRADE","1641004743442","2022-01-01","230","197400439","1","71.4","BTC-14JAN22-50000-C","46742.32","sell"
"0.2","0.0305","TRADE","1641004665040","2022-01-01","436","197400436","2","69.24","BTC-28JAN22-42000-P","46746.28","sell"
"2.4","0.0285","TRADE","1641004626620","2022-01-01","229","197400413","1","71.18","BTC-14JAN22-50000-C","46755.82","sell"
"1","0.039","TRADE","1641004610368","2022-01-01","268","197400344","0","71.26","BTC-7JAN22-47000-P","46767.65","buy"
"0.5","0.0515","TRADE","1641004609754","2022-01-01","17","197400326","2","69.31","BTC-14JAN22-47000-C","46778.85","sell"
"0.1","0.008","TRADE","1641004609751","2022-01-01","736","197400325","1","76.45","BTC-7JAN22-52000-C","46778.85","sell"
"2.7","0.008","TRADE","1641004609696","2022-01-01","735","197400318","1","76.45","BTC-7JAN22-52000-C","46778.85","sell"
"2.2","0.008","TRADE","1641004609608","2022-01-01","734","197400316","1","76.45","BTC-7JAN22-52000-C","46778.85","sell"
"0.6","0.0265","TRADE","1641004609196","2022-01-01","126","197400286","3","70.64","BTC-1JAN22-48000-P","46778.85","buy"
"0.2","0.0265","TRADE","1641004609167","2022-01-01","125","197400281","3","70.82","BTC-1JAN22-48000-P","46784.7","buy"
"0.5","0.0265","TRADE","1641004609151","2022-01-01","124","197400279","2","70.82","BTC-1JAN22-48000-P","46784.7","buy"
"1.8","0.011","TRADE","1641004595417","2022-01-01","432","197400210","2","75.34","BTC-7JAN22-51000-C","46787.13","buy"
"0.1","0.02","TRADE","1641004374724","2022-01-01","1476","197400142","2","70.92","BTC-28JAN22-40000-P","46797.57","buy"
"3.8","5.0E-4","TRADE","1641004350814","2022-01-01","256","197400112","2","66.94","BTC-1JAN22-48000-C","46810.57","sell"
"2","0.0065","TRADE","1641004295001","2022-01-01","230","197400092","3","68.4","BTC-2JAN22-48000-C","46813.92","buy"
"2","0.0635","TRADE","1641004015480","2022-01-01","43","197399994","0","70.29","BTC-14JAN22-46000-C","46844.32","buy"
"0.1","0.015","TRADE","1641003918634","2022-01-01","3","197399970","2","87.28","BTC-30DEC22-300000-C","46841.58","buy"
"0.1","0.0215","TRADE","1641003895817","2022-01-01","3","197399964","1","85.73","BTC-30DEC22-250000-C","46848.43","buy"
"0.1","0.0215","TRADE","1641003895817","2022-01-01","2","197399963","1","85.73","BTC-30DEC22-250000-C","46848.43","buy"
"0.1","0.0325","TRADE","1641003808415","2022-01-01","7","197399930","0","83.56","BTC-30DEC22-200000-C","46879.33","buy"
"0.3","0.0185","TRADE","1641003739499","2022-01-01","38","197399886","3","68.69","BTC-14JAN22-43000-P","46884.83","sell"
"4.7","0.0185","TRADE","1641003739499","2022-01-01","37","197399885","2","68.69","BTC-14JAN22-43000-P","46884.83","sell"
"0.7","0.053","TRADE","1641003736190","2022-01-01","16","197399865","1","69.83","BTC-14JAN22-47000-C","46896.73","sell"
"2.4","0.032","TRADE","1641003703097","2022-01-01","11","197399848","3","68.08","BTC-14JAN22-45000-P","46904.65","sell"
"2.6","0.032","TRADE","1641003703097","2022-01-01","10","197399847","2","68.08","BTC-14JAN22-45000-P","46904.65","sell"
"1","0.048","TRADE","1641003700495","2022-01-01","100","197399844","0","71.58","BTC-7JAN22-46000-C","46891.97","buy"
"1.3","0.053","TRADE","1641003664786","2022-01-01","15","197399806","0","69.71","BTC-14JAN22-47000-C","46901.32","sell"
"0.1","0.0115","TRADE","1641003583864","2022-01-01","431","197399757","1","75.28","BTC-7JAN22-51000-C","46909.8","buy"
"1.9","0.0125","TRADE","1641003496774","2022-01-01","282","197399724","1","73.09","BTC-14JAN22-54000-C","46904.33","sell"
"9.1","0.0125","TRADE","1641003496770","2022-01-01","281","197399723","1","73.09","BTC-14JAN22-54000-C","46904.33","buy"
"7.3","0.0125","TRADE","1641003496770","2022-01-01","280","197399722","1","73.09","BTC-14JAN22-54000-C","46904.33","buy"
"1.7","0.0125","TRADE","1641003496770","2022-01-01","279","197399721","0","73.09","BTC-14JAN22-54000-C","46904.33","buy"
"2.1","0.09","TRADE","1641003465256","2022-01-01","347","197399720","1","72.54","BTC-25FEB22-50000-C","46905.43","buy"
"6.8","0.0115","TRADE","1641003464553","2022-01-01","430","197399718","1","75.48","BTC-7JAN22-51000-C","46905.51","buy"
"12","0.0115","TRADE","1641003464553","2022-01-01","429","197399717","1","75.48","BTC-7JAN22-51000-C","46905.51","buy"
"26","0.0115","TRADE","1641003464553","2022-01-01","428","197399716","1","75.48","BTC-7JAN22-51000-C","46905.51","buy"
"1.7","0.0115","TRADE","1641003464553","2022-01-01","427","197399715","1","75.48","BTC-7JAN22-51000-C","46905.51","buy"
"1.2","0.0115","TRADE","1641003464553","2022-01-01","426","197399714","0","75.48","BTC-7JAN22-51000-C","46905.51","buy"
"2.3","0.011","TRADE","1641003464553","2022-01-01","425","197399713","0","74.16","BTC-7JAN22-51000-C","46905.51","buy"
"11.9","0.008","TRADE","1641003448547","2022-01-01","733","197399707","1","75.27","BTC-7JAN22-52000-C","46905.67","buy"
"2","0.008","TRADE","1641003448547","2022-01-01","732","197399706","1","75.27","BTC-7JAN22-52000-C","46905.67","buy"
"2.7","0.008","TRADE","1641003448547","2022-01-01","731","197399705","1","75.27","BTC-7JAN22-52000-C","46905.67","buy"
"7.3","0.008","TRADE","1641003448547","2022-01-01","730","197399704","1","75.27","BTC-7JAN22-52000-C","46905.67","buy"
"0.1","0.008","TRADE","1641003448547","2022-01-01","729","197399703","0","75.27","BTC-7JAN22-52000-C","46905.67","buy"
"2","0.0525","TRADE","1641003430249","2022-01-01","14","197399696","1","69.37","BTC-14JAN22-47000-C","46894.16","sell"
"0.1","0.0015","TRADE","1641003415324","2022-01-01","255","197399695","1","83.3","BTC-1JAN22-48000-C","46894.46","buy"
"0.1","0.0015","TRADE","1641003412824","2022-01-01","254","197399694","0","83.29","BTC-1JAN22-48000-C","46895.2","buy"
"0.7","0.0625","TRADE","1641003357957","2022-01-01","42","197399680","1","68.5","BTC-14JAN22-46000-C","46882.6","buy"
"0.4","0.09","TRADE","1641003346250","2022-01-01","346","197399668","1","72.57","BTC-25FEB22-50000-C","46888.52","buy"
"0.9","0.09","TRADE","1641003346250","2022-01-01","345","197399667","1","72.57","BTC-25FEB22-50000-C","46888.52","buy"
"1.2","0.0625","TRADE","1641003345872","2022-01-01","41","197399658","1","68.47","BTC-14JAN22-46000-C","46888.52","buy"
"1.6","0.09","TRADE","1641003345085","2022-01-01","344","197399657","1","72.58","BTC-25FEB22-50000-C","46886.01","buy"
"0.1","0.0625","TRADE","1641003341335","2022-01-01","40","197399647","1","68.65","BTC-14JAN22-46000-C","46878.23","buy"
"5.5","0.0625","TRADE","1641003341333","2022-01-01","39","197399646","1","68.65","BTC-14JAN22-46000-C","46878.23","buy"
"1.3","0.0625","TRADE","1641003336206","2022-01-01","38","197399641","1","68.81","BTC-14JAN22-46000-C","46868.74","buy"
"1.2","0.0625","TRADE","1641003334586","2022-01-01","37","197399626","0","68.94","BTC-14JAN22-46000-C","46859.33","buy"
"0.2","0.0525","TRADE","1641003279673","2022-01-01","13","197399603","1","70.06","BTC-14JAN22-47000-C","46841.59","buy"
"1.8","0.0525","TRADE","1641003279673","2022-01-01","12","197399602","0","70.06","BTC-14JAN22-47000-C","46841.59","buy"
"0.7","0.052","TRADE","1641003278790","2022-01-01","11","197399601","1","69.37","BTC-14JAN22-47000-C","46844.14","sell"
"1.3","0.052","TRADE","1641003278699","2022-01-01","10","197399599","0","69.37","BTC-14JAN22-47000-C","46844.14","sell"
"2","0.0025","TRADE","1641003205407","2022-01-01","365","197399591","2","67.05","BTC-2JAN22-49000-C","46842.04","sell"
"2","0.001","TRADE","1641003133049","2022-01-01","255","197399572","3","70.06","BTC-2JAN22-50000-C","46841.01","sell"
"0.1","0.0145","TRADE","1641002945428","2022-01-01","35","197399415","0","72.09","BTC-21JAN22-56000-C","46844.84","sell"
"0.3","0.004","TRADE","1641002926377","2022-01-01","145","197399414","3","53.47","BTC-1JAN22-47000-C","46840.58","sell"
"3.1","5.0E-4","TRADE","1641002920398","2022-01-01","429","197399410","3","83.31","BTC-7JAN22-60000-C","46847.64","sell"
"1.9","5.0E-4","TRADE","1641002920398","2022-01-01","428","197399409","3","83.31","BTC-7JAN22-60000-C","46847.64","sell"
"0.1","0.038","TRADE","1641002854276","2022-01-01","267","197399392","3","70.47","BTC-7JAN22-47000-P","46843.51","sell"
"1","0.038","TRADE","1641002842999","2022-01-01","266","197399385","3","70.46","BTC-7JAN22-47000-P","46837.04","sell"
"1.4","0.038","TRADE","1641002839836","2022-01-01","265","197399377","3","70.39","BTC-7JAN22-47000-P","46832.8","sell"
"1.4","0.0425","TRADE","1641002839546","2022-01-01","138","197399376","1","69.3","BTC-14JAN22-48000-C","46829.47","buy"
"1","5.0E-4","TRADE","1641002827093","2022-01-01","5","197399370","3","79.95","BTC-21JAN22-75000-C","46828.91","sell"
"0.1","0.017","TRADE","1641002822857","2022-01-01","458","197399361","1","73.37","BTC-28JAN22-58000-C","46824.9","sell"
"1","5.0E-4","TRADE","1641002806512","2022-01-01","4","197399360","3","79.94","BTC-21JAN22-75000-C","46827.56","sell"
"1.3","0.0425","TRADE","1641002796066","2022-01-01","137","197399359","1","69.39","BTC-14JAN22-48000-C","46813.64","buy"
"1","5.0E-4","TRADE","1641002774988","2022-01-01","3","197399349","2","79.99","BTC-21JAN22-75000-C","46805.05","sell"
"1.7","0.0165","TRADE","1641002762898","2022-01-01","233","197399343","3","62.19","BTC-2JAN22-47000-P","46814.19","buy"
"1","0.001","TRADE","1641002715014","2022-01-01","254","197399287","2","70.41","BTC-2JAN22-50000-C","46816.18","sell"
"1","5.0E-4","TRADE","1641002688331","2022-01-01","253","197399261","3","64.36","BTC-1JAN22-48000-C","46813.15","sell"
"0.2","0.038","TRADE","1641002679464","2022-01-01","453","197399259","2","74.75","BTC-25FEB22-60000-C","46810.4","sell"
"0.1","0.169","TRADE","1641002649863","2022-01-01","2115","197399256","2","73.56","BTC-25MAR22-50000-P","46811.54","sell"
"0.1","0.1195","TRADE","1641002649328","2022-01-01","2244","197399254","0","73.59","BTC-25MAR22-50000-C","46811.54","sell"
"0.1","0.004","TRADE","1641002632677","2022-01-01","1540","197399252","3","81.45","BTC-28JAN22-70000-C","46810.38","sell"
"0.4","0.013","TRADE","1641002615035","2022-01-01","1236","197399250","1","74.52","BTC-28JAN22-60000-C","46807.99","buy"
"2.6","0.013","TRADE","1641002608667","2022-01-01","1235","197399248","1","74.53","BTC-28JAN22-60000-C","46805.92","sell"
"0.4","0.014","TRADE","1641002577568","2022-01-01","34","197399201","1","71.47","BTC-21JAN22-56000-C","46800.88","sell"
"0.3","0.039","TRADE","1641002539624","2022-01-01","337","197399199","2","70.76","BTC-28JAN22-52000-C","46800.34","sell"
"2.1","0.017","TRADE","1641002492511","2022-01-01","457","197399178","1","73.46","BTC-28JAN22-58000-C","46788.5","buy"
"2.9","0.017","TRADE","1641002492007","2022-01-01","456","197399177","1","73.44","BTC-28JAN22-58000-C","46793","sell"
"7.3","0.0425","TRADE","1641002491123","2022-01-01","136","197399174","1","69.89","BTC-14JAN22-48000-C","46793","buy"
"2.7","0.0425","TRADE","1641002491123","2022-01-01","135","197399173","0","69.89","BTC-14JAN22-48000-C","46793","buy"
"5.5","0.035","TRADE","1641002484775","2022-01-01","24","197399167","1","70.45","BTC-14JAN22-49000-C","46801.33","buy"
"1.8","0.035","TRADE","1641002484775","2022-01-01","23","197399166","1","70.45","BTC-14JAN22-49000-C","46801.33","buy"
"2.7","0.035","TRADE","1641002484775","2022-01-01","22","197399165","0","70.45","BTC-14JAN22-49000-C","46801.33","buy"
"5.2","0.0285","TRADE","1641002478054","2022-01-01","228","197399164","1","70.87","BTC-14JAN22-50000-C","46801.17","buy"
"2.7","0.0285","TRADE","1641002478054","2022-01-01","227","197399163","1","70.87","BTC-14JAN22-50000-C","46801.17","buy"
"2.1","0.0285","TRADE","1641002478054","2022-01-01","226","197399162","0","70.87","BTC-14JAN22-50000-C","46801.17","buy"
"0.1","0.039","TRADE","1641002476803","2022-01-01","452","197399161","0","75.61","BTC-25FEB22-60000-C","46800.24","sell"
"0.6","0.0165","TRADE","1641005912220","2022-01-01","234","197400889","3","61.54","BTC-2JAN22-47000-P","46786","sell"
"2.2","0.002","TRADE","1641005884034","2022-01-01","261","197400878","3","74.66","BTC-7JAN22-40000-P","46782.92","sell"
"0.1","0.0515","TRADE","1641005858406","2022-01-01","18","197400852","3","69.22","BTC-14JAN22-47000-C","46810.09","sell"
"1.3","0.087","TRADE","1641005850008","2022-01-01","546","197400845","3","69.55","BTC-28JAN22-48000-P","46818.24","buy"
"2","0.0185","TRADE","1641005837273","2022-01-01","176","197400819","2","68.6","BTC-7JAN22-45000-P","46836.04","sell"
"0.1","0.027","TRADE","1641005716795","2022-01-01","611","197400798","0","71.72","BTC-7JAN22-48000-C","46816.89","buy"
"0.2","0.0095","TRADE","1641005542479","2022-01-01","3449","197400751","3","88.37","BTC-25MAR22-100000-C","46815.53","buy"
"0.6","0.006","TRADE","1641005308599","2022-01-01","231","197400655","2","66.2","BTC-2JAN22-48000-C","46811.18","sell"
"2.7","0.021","TRADE","1641005243013","2022-01-01","2772","197400609","3","81.42","BTC-25MAR22-80000-C","46816.39","buy"
"1","0.013","TRADE","1641005021651","2022-01-01","1237","197400542","1","74.73","BTC-28JAN22-60000-C","46801.19","sell"
"0.1","0.0025","TRADE","1641004998243","2022-01-01","332","197400539","1","76.83","BTC-7JAN22-55000-C","46799.43","sell"
"0.9","0.004","TRADE","1641004995849","2022-01-01","1541","197400538","3","81.63","BTC-28JAN22-70000-C","46799.48","sell"
"2","0.003","TRADE","1641004935264","2022-01-01","306","197400522","2","76.4","BTC-14JAN22-60000-C","46787.1","sell"
"0.1","0.014","TRADE","1641004880206","2022-01-01","155","197400485","2","68.69","BTC-14JAN22-42000-P","46766.72","sell"
"0.5","0.0015","TRADE","1641004873920","2022-01-01","186","197400479","2","69.3","BTC-1JAN22-46000-P","46765.1","buy"
"0.1","0.087","TRADE","1641004757092","2022-01-01","545","197400454","2","68.69","BTC-28JAN22-48000-P","46748.38","sell"
"1.8","0.0035","TRADE","1641004757080","2022-01-01","146","197400453","2","59","BTC-1JAN22-47000-C","46748.38","buy"
